3208 5214
643 309 828 368 Bruchiaceae.
1332 316 1374 382 23

84 485 126 548 rel
149 503 281 548 emersa
304 485 338 548 et
361 487 496 562 exserta,
519 485 632 582 oralia,
655 488 760 563 ovata,
782 487 929 571 oblonga,
955 485 1122 569 apiculata,
1145 488 1320 555 acuminata
1342 491 1374 555 et

86 593 239 668 rostrata,
266 591 434 656 columella
457 591 545 657 nulla
570 592 616 656 vel
639 591 801 670 distincta,
832 591 996 676 sporaugio
1019 593 1104 657 nullo
1126 593 1176 658 vel
1203 592 1262 658 rite
1283 595 1375 661 elior-

89 699 174 759 mato.
222 693 378 778 Calyptra
404 695 596 778 irregularis,
625 695 673 760 vel
697 695 849 760 cucullata
872 698 919 761 vel
942 695 1080 762 mitrata.
1126 695 1240 777 Sporae
1262 696 1372 781 majus.

91 799 166 862 orlac
189 798 240 862 rel
256 795 426 875 maximae,
450 799 650 882 subglobosae
674 799 722 864 uel
745 799 917 882 polyedrae.

654 1035 825 1104 Fami

545 1179 927 1264 Archidieae.

175 1354 310 1419 Plantae
335 1373 484 1436 perennes
508 1354 563 1419 sub
586 1355 670 1436 apice
694 1355 741 1420 vel
766 1354 847 1420 inira
876 1355 1073 1430 innovantes,
1106 1356 1208 1421 aetate
1235 1374 1373 1422 ramosae

97 1461 123 1519 et
145 1457 320 1523 ramulosae
343 1456 477 1540 primum
501 1459 618 1524 erectae
639 1459 764 1524 tandem
780 1461 964 1541 prostratae,
988 1457 1084 1524 cerulis
1098 1458 1238 1542 primarii
1252 1459 1373 1526 duratio

99 1560 242 1626 tiranno
266 1561 398 1645 longior.
443 1560 533 1626 Folia
556 1562 727 1627 lanceolata
749 1566 782 1627 et
804 1563 1150 1641 laureolato-subulata,
1172 1583 1241 1628 raro
1264 1565 1372 1630 orato-

97 1669 122 1728 et
143 1665 207 1730 late
230 1664 531 1742 ovato-lanceolata,
554 1667 689 1741 metata3
721 1666 868 1732 areolatio
891 1667 976 1746 lara,
1000 1667 1177 1746 uniformis,
1200 1667 1374 1752 hexagono·

99 1769 299 1835 rhomboidea.
345 1769 452 1834 Floras
475 1769 605 1834 monoici
627 1773 660 1836 ct
674 1770 839 1856 bypogyni.
884 1771 1016 1856 capsula
1038 1773 1070 1838 in
1093 1772 1237 1857 vaginnla
1260 1772 1373 1856 imper·

97 1872 172 1938 lecta
202 1872 342 1951 sessiliS,
371 1872 517 1956 globosa,
550 1873 730 1939 maturitate
759 1893 794 1939 er
819 1894 876 1939 uno
900 1877 999 1941 strato
1028 1875 1209 1942 cellularum
1231 1876 1375 1955 formata,

98 1976 258 2060 sporangio
275 1975 369 2040 nullo.
402 1975 518 2057 Sporae
534 1974 565 2040 in
588 1977 708 2060 singula
727 1976 837 2042 cellula
852 1976 1044 2060 primordiali
1060 1980 1229 2057 nascentes,
1252 1999 1374 2062 paucae,

96 2081 259 2158 maximae,
282 2079 498 2164 irregulariter
514 2080 684 2164 polyedrae.
715 2081 865 2165 Galyptra
881 2081 1068 2165 imperfecta,
1084 2082 1275 2164 tenuissima,
1298 2083 1376 2151 irro-

91 2186 242 2270 gulariter
263 2185 376 2263 lacera,
400 2183 546 2266 capsulae
569 2185 786 2269 fragmentarie
801 2186 980 2254 adhaerens.

178 2289 302 2372 Species
324 2288 417 2372 hujus
440 2289 564 2373 generis
586 2290 687 2372 plures
710 2290 846 2356 creticae
867 2291 960 2356 notae
982 2293 1054 2357 suut
1076 2310 1136 2358 nna
1157 2310 1317 2375 europaea.

546 2496 623 2574 tien.
651 2501 678 2574 1.
724 2498 929 2576 Archidium.

583 2659 668 2718 Bam.
691 2661 789 2736 Bryol.
812 2661 890 2720 uuir.

178 2811 282 2876 Genus
304 2811 434 2876 unicum
458 2828 527 2873 cum
549 2811 703 2875 caractere
725 2809 883 2876 Familiae.
928 2810 1004 2876 Tab.
1021 2810 1108 2877 VIlI.

97 2930 251 2996 Piraeeum
272 2933 382 2996 Drors.
407 2929 515 3012 Crypt.
538 2929 613 2994 fasc.
646 2931 746 2997 Smru
761 2932 807 2996 Fl.
825 2932 903 3000 Brit.
938 2915 1048 2998 Hauu.
1071 2932 1122 3016 Sp.
1146 2952 1241 2998 muse.
1274 2933 1374 2999 lloor.

197 3037 232 3100 et
254 3035 351 3100 Tura.
376 3035 478 3099 illuso
502 3033 580 3100 Brit.

491 3252 697 3308 aromatum
719 3251 978 3310 alternttollum.

381 3372 527 3432 Phaecam
551 3373 759 3433 alteruifolium
782 3375 881 3432 Drous.
905 3374 1004 3449 crypt.
1028 3372 1099 3432 fase.

176 3505 341 3588 Caespites
357 3505 506 3586 depressi,
529 3504 601 3584 lari,
626 3506 764 3570 saturato
778 3503 904 3570 uirides.
941 3504 1056 3570 Planta
1078 3503 1212 3587 primum
1236 3503 1375 3586 simplex,

94 3615 194 3678 aetate
219 3611 369 3694 provecta
392 3628 513 3674 ramosa
535 3611 569 3675 et
590 3609 761 3687 ramulosa,
785 3609 958 3691 prostrata,
982 3607 1230 3674 innovationibus
1253 3607 1375 3688 erectis,

95 3713 230 3800 flagellis
253 3712 397 3778 tenuibus
413 3711 621 3796 micropbyllis
638 3714 819 3778 numerosis.
853 3713 942 3778 Folia
957 3711 1078 3778 oaulina
1094 3713 1223 3791 remota,
1246 3711 1374 3791 minuta,

93 3823 223 3904 auguste
245 3818 429 3895 lanceolata,
452 3817 681 3900 perichaetialia
696 3837 816 3884 comam
840 3817 1052 3902 polyphyllam
1075 3816 1229 3896 sistentia,
1250 3816 1376 3880 lanceo-

95 3923 335 3999 lam-subulata,
358 3921 443 4004 apice
464 3921 663 4000 denticulata,
686 3925 772 3989 costa
795 3922 851 3987 sub
874 3921 959 4004 apice
981 3921 1110 3987 evanida
1130 3920 1278 3986 subtereti
1302 3919 1376 3984 soli-

95 4027 241 4094 diusuula.
275 4025 462 4092 Antberidia
483 4027 515 4090 in
536 4026 639 4092 axillis
662 4026 804 4091 loliorum
823 4025 1058 4110 perigynialium
1081 4025 1272 4091 internorum
1294 4023 1375 4090 unda

95 4133 139 4198 rel
161 4132 246 4198 foliis
270 4131 387 4197 duobus
411 4129 537 4195 minutis
559 4131 714 4197 inclusa!
735 4131 868 4214 Capsula
889 4131 1001 4210 mollis,
1024 4129 1157 4213 pallida,
1180 4131 1252 4212 post
1273 4130 1340 4196 mat
1362 4164 1373 4175 -

92 4239 219 4304 ritatem
242 4235 455 4320 irregulariter
477 4234 678 4319 disrumpens
725 4237 828 4321 Bryol.
851 4256 916 4302 eur.
955 4236 1024 4300 Vol.
1049 4235 1075 4314 I,
1098 4235 1174 4300 Tab.
1198 4234 1227 4300 8.

92 4359 255 4424 Piraeeum
278 4355 517 4438 citemifulium,
539 4357 677 4423 caulibus
700 4357 890 4442 capsuliieris
913 4356 1013 4435 nanis,
1036 4354 1193 4422 sterilibus
1211 4353 1374 4421 altioribus

203 4461 326 4536 erectis,
350 4459 430 4525 toliis
446 4460 626 4526 lanceolatis
641 4461 780 4527 alternis.
805 4463 911 4527 Drcrs.
928 4459 1036 4544 Crypt.
1052 4460 1126 4524 iaso.
1143 4458 1168 4535 I,
1191 4479 1220 4541 p.
1237 4457 1267 4535 3,
1290 4457 1325 4523 Τ.
1345 4456 1372 4522 1.

135 4567 247 4632 Sarra.
272 4565 319 4630 ill.
344 4563 424 4629 Brit.
468 4565 579 4630 Hunu.
603 4565 653 4650 Sp.
677 4567 774 4632 Maso.
821 4568 921 4633 Hoor.
945 4567 977 4630 et
1000 4565 1095 4630 Tere.
1119 4564 1216 4629 Muec.
1239 4562 1319 4627 Brit.

92 4671 255 4736 l’lraecom
278 4669 414 4736 Brachia·
436 4669 607 4737 Seuerum.
630 4671 662 4735 in
687 4671 776 4736 Lrnrr.
801 4671 883 4754 Syst.
907 4688 971 4753 reg.
996 4686 1063 4751 rog.
