3290 5214
820 311 992 372 lnbodnctio.

467 530 511 601 fl.
536 531 564 589 2.
606 529 647 591 De
670 548 759 592 nonae
782 529 1020 606 septentrionalis
1042 530 1116 590 facie
1138 531 1316 606 bryologica.

348 660 459 726 llorae
480 660 676 746 brpologicae
700 663 793 729 iacies
815 683 833 729 a
856 661 1048 729 meridionali
1072 661 1163 745 hujus
1187 681 1277 727 nonae
1299 661 1401 726 limite
1416 662 1458 728 ad
1473 679 1546 743 sep-

260 761 476 831 tentrionalem
493 767 539 833 vel
556 767 704 834 arctioam
721 768 899 852 procedens,
923 785 1053 832 unacum
1069 765 1145 832 faeie
1161 765 1253 831 florae
1269 765 1548 849 phanerogamicae

260 867 318 934 tali
341 869 430 936 modo
453 873 601 950 mutatur,
625 875 660 937 ut
682 872 771 938 facile
794 871 869 937 duas
892 869 1066 955 distinguas
1089 889 1189 948 zonas,
1212 889 1340 952 quarum
1362 887 1548 952 unaquaque

260 971 465 1054 vegetationis
486 972 621 1039 indolem
644 975 829 1058 peculiarem
853 973 985 1039 exbibet.
1031 973 1129 1040 Zonae
1152 974 1209 1039 hae
1230 972 1426 1039 secundariae
1449 971 1548 1038 deno·

260 1073 480 1142 minationibus
504 1097 595 1144 zonae
617 1077 1084 1164 meridionali-septentrionalis
1114 1076 1146 1140 et
1175 1095 1269 1142 zonae
1291 1077 1548 1160 arctico-septen-

259 1177 407 1244 incoatis
429 1177 584 1264 designari
606 1182 745 1264 possunt,
767 1180 827 1259 vel,
852 1180 878 1246 si
894 1180 933 1246 ad
948 1179 1124 1245 Muscorum
1141 1179 1367 1264 vegetationem
1383 1177 1548 1260 respicias,

259 1301 357 1346 amice
379 1282 574 1368 Hypaoram
597 1285 629 1349 et
651 1305 748 1352 zonae
771 1283 1036 1370 Polyirioborum.

347 1401 492 1469 Omnium
515 1403 691 1470 Muscorum
723 1424 829 1490 nempe
859 1405 936 1470 nulli
966 1405 1110 1470 interris
1133 1403 1256 1470 arcticis
1279 1404 1344 1468 tam
1368 1403 1548 1486 frequenter

260 1505 471 1589 propagantur
490 1509 613 1590 tamque
635 1509 777 1574 extensas
802 1510 953 1590 occupant
975 1507 1125 1574 stationes
1141 1525 1231 1589 quam
1248 1505 1441 1588 Polytricba‚
1464 1523 1549 1588 quae

259 1624 278 1671 a
301 1607 461 1692 paludibus
484 1611 622 1694 planitiei
645 1630 739 1695 usque
761 1611 799 1678 ad
822 1611 907 1678 nives
923 1615 1064 1678 aeternas
1081 1610 1208 1693 Alpium
1225 1608 1325 1675 solum
1341 1608 1546 1690 inhospitum,

259 1711 374 1794 plantis
397 1717 508 1781 natura
532 1716 634 1782 minus
656 1716 785 1782 robusta
807 1716 956 1799 praeditis
980 1715 1144 1793 funestum,
1166 1713 1291 1779 cohorte
1310 1713 1402 1797 longe
1417 1711 1548 1794 lateque

258 1817 383 1883 extensa
405 1820 575 1900 occupant,
609 1819 769 1900 coloreque
791 1819 877 1884 tristi
900 1818 1036 1885 desertas
1058 1818 1114 1884 has
1136 1818 1275 1901 regiones
1298 1815 1426 1882 minime
1448 1813 1547 1880 laeti·

259 1917 363 1986 fleant.
408 1919 521 2006 Sylvae
554 1921 639 2004 ipsae
668 1939 824 2000 acerosae,
856 1940 932 2004 quae
954 1923 986 1986 in
1009 1917 1259 1986 meridionalibue
1282 1937 1375 1986 zonae
1398 1917 1548 2002 partibus

257 2023 324 2090 tam
346 2023 454 2088 multis
476 2026 631 2108 variisque
646 2024 772 2103 unceis,
795 2025 977 2108 praeprimis
992 2024 1179 2109 hypodorio,
1203 2021 1454 2106 hospitalitatem
1469 2041 1550 2106 gra·

257 2125 323 2192 tam
346 2127 550 2206 offerunt-ab
566 2127 674 2194 incolis
689 2129 821 2194 assuetis
837 2128 1009 2208 derelictae,
1030 2146 1193 2210 eorumque
1209 2127 1275 2193 loco
1290 2125 1461 2192 Licbenum
1478 2129 1549 2204 aut,

258 2228 310 2295 ubi
333 2229 401 2294 loca
423 2229 577 2313 uliginosa
599 2229 682 2309 sunt,
705 2230 918 2314 Sphegnoram
941 2232 1063 2316 agmine
1085 2230 1224 2296 exanimo
1244 2228 1360 2311 pallido
1377 2233 1550 2311 occupatae

257 2329 466 2411 reperirmtur;
498 2334 602 2416 stygia
629 2333 748 2402 familia
769 2334 982 2399 Andredarurn
1014 2353 1084 2399 curn
1119 2335 1320 2398 contemnes
1342 2331 1550 2414 Gyropbora·

258 2450 325 2496 rum
349 2451 423 2498 sara
446 2452 593 2517 rupesque
615 2441 708 2522 gente
731 2455 785 2502 sna
808 2437 975 2521 nigerrima
996 2436 1128 2503 obducit.
1174 2434 1266 2500 Color
1288 2434 1467 2499 blascorum
1492 2433 1550 2500 ille

257 2532 339 2598 laete
361 2533 492 2612 viridis,
513 2537 565 2617 qui
590 2539 621 2602 in
644 2540 818 2623 regionibus
842 2539 1023 2621 temperatis
1046 2539 1168 2623 sylvas,
1199 2535 1376 2615 convalles,
1408 2539 1550 2602 montes·

258 2651 316 2714 que
338 2635 421 2716 ipsos
444 2637 589 2701 editiores
612 2639 763 2707 exhilarat
785 2645 878 2724 atque
900 2641 1003 2708 oculos
1026 2659 1042 2707 e
1065 2641 1232 2724 longinquo
1248 2640 1394 2718 delectat,
1417 2641 1550 2704 omnino

257 2734 290 2798 in
313 2739 395 2803 terra
418 2739 535 2805 erotica
557 2738 756 2821 desideratur,
779 2745 831 2810 ubi
853 2745 969 2811 coelum
985 2747 1018 2810 et
1034 2747 1118 2809 terra
1133 2743 1288 2810 communi
1303 2741 1441 2807 tristitia
1456 2761 1550 2824 pere·

257 2837 446 2920 grinatorem
479 2841 636 2926 affligunt.
681 2845 856 2912 dioscorum
889 2847 1001 2930 stirpes
1032 2847 1135 2931 magia
1166 2844 1351 2912 delicatulus
1382 2845 1551 2928 sporadioe

257 2937 397 3022 interque
420 2941 543 3022 plantae
565 2946 752 3014 robustiores
776 2968 828 3016 aas
851 2951 959 3016 contra
981 2951 1057 3016 coeli
1081 2949 1199 3034 rigores
1222 2949 1422 3032 protegentes
1444 2949 1551 3014 occul·

257 3041 529 3125 inspreverunt,
560 3046 607 3112 ita
639 3051 673 3114 at
702 3051 751 3116 vix
783 3053 870 3118 faciei
903 3052 1067 3118 tristitiam
1099 3051 1303 3118 universalem
1327 3051 1551 3134 quadantenus

256 3143 413 3212 moderare
437 3147 564 3228 possint.
610 3151 695 3217 Inter
728 3155 843 3234 species
875 3157 930 3222 bas
960 3155 1030 3238 plus
1054 3155 1154 3222 minus
1177 3155 1327 3220 erratione
1350 3155 1549 3222 numeranda

256 3252 328 3316 sunt
345 3253 573 3336 Splaoirnaceac
589 3257 650 3324 iere
665 3278 781 3340 omnes,
799 3261 947 3326 Dioraroo
963 3263 1120 3343 nonnulla,
1151 3263 1267 3328 Woieia
1282 3263 1440 3348 crispata,
1472 3263 1549 3330 We-

256 3351 330 3417 tara
346 3356 523 3438 patriota,
546 3362 663 3440 cruda,
685 3371 819 3446 amans,
843 3365 966 3451 Bryam
988 3369 1156 3446 arcticum,
1175 3367 1371 3450 pendulum,
1397 3365 1549 3434 Catosao·

251 3457 355 3539 piam,
380 3459 608 3542 Conaatomam,
632 3465 878 3549 Amplior-idiunt
900 3471 1114 3554 lappoaicam
1138 3471 1284 3536 Barbula
1299 3471 1437 3552 maratis,
1461 3471 1549 3536 Dea-

255 3563 402 3626 maraon
424 3562 601 3648 latifoliae,
637 3567 827 3634 Distioirieem
861 3575 1084 3656 oopitlooeum,
1121 3573 1330 3638 Tremaiadon
1353 3573 1548 3650 breoicoiiis,

256 3660 499 3728 Auiaeomniam
530 3670 713 3752 turgidum,
743 3673 896 3757 Hypanim
920 3677 1122 3756 andevotum,
1146 3679 1375 3758 stramineum,
1398 3678 1549 3760 badium,

255 3773 483 3836 ramosarum
505 3787 530 3835 e.
552 3789 580 3836 a.
626 3772 740 3840 Omnes
770 3794 847 3857 quae
876 3778 915 3844 ad
936 3779 1018 3844 diem
1041 3780 1072 3845 in
1095 3781 1221 3846 aretinis
1244 3780 1337 3846 terris
1362 3783 1431 3846 tam
1453 3801 1550 3848 euro-

254 3864 338 3948 paeis
361 3889 451 3952 quam
475 3874 657 3940 amaricante
678 3878 772 3959 atque
795 3879 933 3946 asiaticis
955 3881 1136 3950 observatae
1158 3885 1231 3949 sunt
1253 3883 1372 3966 species
1388 3885 1490 3952 etiam
1516 3888 1550 3954 in

254 3969 428 4050 regionibus
451 3975 741 4057 septentrionalibus
764 3985 926 4048 occurrunt
947 3983 1061 4066 alpinis
1081 3989 1114 4052 et
1129 3985 1335 4068 supraalpinis
1351 3991 1549 4056 extraarcti-

252 4067 307 4146 cis,
332 4071 377 4138 lta
398 4076 434 4140 nt
456 4076 533 4142 flora
555 4081 670 4146 arctico
692 4099 760 4146 curn
783 4083 888 4164 alpina
911 4087 1052 4154 inferiore
1068 4090 1266 4172 (subalpina),
1290 4090 1393 4158 media
1410 4094 1549 4178 (alpina)

251 4173 283 4236 et
305 4175 459 4343 afflone
481 4182 702 4263 (supraalpina)
724 4183 857 4250 modost
881 4206 971 4252 unam
995 4191 1179 4274 eandemque
1202 4193 1313 4260 faciem
1330 4197 1548 4280 vegetabilem

252 4293 323 4356 prae
399 4328 406 4343 .

338 4397 365 4460 A
390 4399 481 4464 terris
505 4403 630 4468 aretinis
652 4405 691 4468 ad
707 4405 807 4469 terras
824 4409 1081 4488 septentrionales
1097 4417 1199 4499 mame
1215 4417 1378 4502 magisque
1394 4423 1550 4492 meridio-

250 4495 335 4562 nales
359 4501 532 4580 procedens.
557 4505 697 4588 mgiones
719 4505 829 4584 intras,
852 4527 980 4590 quarum
1003 4513 1079 4580 dors
1096 4515 1273 4602 bryologica
1285 4523 1407 4590 sensim
1425 4529 1549 4608 speeie·

250 4595 305 4666 bos
328 4602 414 4672 novis
436 4603 587 4688 mareu.
620 4607 783 4676 maximam
814 4611 1119 4702 amoenissimamque
1151 4622 1358 4692 vadationem
1382 4631 1547 4718 contingit
