3072 5240
527 337 670 421 Pom·
1171 333 1234 414 ibt

22 523 99 608 leyen
117 525 301 591 conamen
325 543 389 592 var.
412 533 434 606 β
453 527 670 612 gracilescens.
716 523 821 610 Bryol.
845 542 907 592 eur.
931 523 952 590 l.
976 543 1002 592 c.

22 627 314 716 ascenaentem.
360 630 473 698 Planta
495 629 654 708 humilior,
689 629 852 714 gracilior,
886 628 1034 712 simplex,
1069 629 1118 695 vel
1140 630 1235 696 ramis

83 735 233 818 gracilibus
255 755 387 815 ramosa,
410 735 494 801 ioliis
516 734 697 812 minoribus,
721 733 962 818 angustioribus.

22 833 57 900 ir.
77 863 90 918 p
110 840 280 924 lotifotium.
326 840 430 926 Longe
452 839 573 924 lateque
596 833 785 923 caespitum,
814 837 966 920 caespites
999 838 1086 904 valde
1118 838 1235 905 tumes·

84 945 184 1026 centes,
206 945 324 1027 molles,
347 945 469 1012 virides.
514 943 628 1010 Planta
650 941 883 1026 speciosissima,
906 961 966 1009 une
980 960 1047 1008 curn
1064 943 1237 1011 innovatio·

87 1047 165 1114 nibus
185 1053 216 1116 et
236 1051 331 1117 ramis
353 1051 470 1116 tumide
491 1049 609 1116 foliosis
630 1047 754 1114 cautim.
778 1045 884 1126 t—i2
906 1047 998 1126 altae,
1025 1064 1094 1114 raro
1117 1047 1238 1130 simpli-

85 1169 127 1216 ces
141 1153 276 1222 humiles.
309 1154 396 1220 Folia
414 1153 597 1233 labeonem,
620 1151 924 1230 rotundato-obtusa,
947 1152 996 1218 vel
1011 1151 1074 1218 late
1088 1152 1237 1236 oblongo·

83 1259 165 1322 ovata
179 1259 419 1336 snbecuminata
434 1258 522 1324 costa
535 1256 696 1324 erodente
711 1255 845 1322 breviter
854 1256 1046 1334 mucronata,
1061 1255 1151 1322 valdo
1165 1275 1236 1322 con·

85 1377 149 1426 cava
169 1362 217 1428 bio
239 1361 306 1428 illio
327 1363 498 1440 cucullata,
531 1360 671 1445 margine
692 1362 824 1446 anguste
847 1359 976 1426 limbatc
999 1361 1111 1426 erecto.
1157 1359 1238 1444 Cap·

84 1463 167 1544 sulae,
188 1485 263 1548 qnae
286 1467 386 1532 rarius
408 1465 601 1551 proveniunt,
624 1463 766 1548 majores,
789 1479 881 1546 supra
902 1464 1116 1532 innovationes
1136 1464 1236 1532 elatae

83 1567 124 1630 vel
142 1568 219 1634 inter
241 1589 295 1636 eas
319 1570 523 1636 absconditae.
569 1569 674 1654 Bryol.
698 1589 761 1635 our.
786 1568 806 1634 l.
830 1588 856 1636 c.
881 1587 944 1635 var.
967 1595 994 1652 γ.

22 1665 99 1734 {nien
117 1674 281 1756 latifolinm
304 1675 469 1743 Sonunvon.
492 1676 524 1742 in
546 1675 648 1744 seben.
694 1674 880 1742 Sonwnsou.
903 1673 924 1740 l.
948 1691 974 1740 c.
997 1693 1026 1756 p.
1055 1673 1126 1740 138.

22 1771 96 1854 trgum
116 1778 200 1842 Polio
221 1779 363 1863 latifolia
386 1781 474 1844 Banu.
498 1779 601 1864 Bryol.
627 1777 707 1844 irniv.
732 1779 756 1859 l,
780 1799 810 1864 p.
834 1781 907 1846 713.

67 1879 158 1948 llcbit.
186 1884 260 1952 locis
284 1884 520 1970 scaturiginosis
543 1883 677 1970 regionis
700 1883 878 1966 subalpinae
899 1887 932 1950 et
954 1885 1075 1967 alpinae
1100 1885 1239 1968 Europae

22 1985 113 2050 entnlis
132 1989 162 2053 et
181 1990 259 2056 baud
284 2009 389 2056 rarum
411 1990 443 2056 in
466 1989 645 2074 Pyrenaeis3
669 1989 708 2055 ad
730 1986 845 2056 rivulos
868 1989 1003 2076 regionis
1026 1991 1159 2072 nivosas,
1181 1991 1235 2059 alt.

22 2085 81 2166 ooo,
105 2089 132 2156 in
152 2092 318 2176 Hispaniae
348 2096 459 2160 Sierrc
482 2095 615 2160 Neoodo
644 2092 861 2178 (lenusount
909 2093 980 2162 Ver.
1004 2101 1025 2174 β
1047 2111 1116 2161 cnm
1139 2095 1237 2160 torma

22 2193 115 2270 omnin
144 2216 203 2263 var.
226 2226 244 2284 γ
272 2199 306 2262 in
332 2197 444 2280 alpinis
466 2215 552 2264 secus
575 2197 690 2264 rivulos
715 2197 842 2282 frigidos
864 2191 904 2262 et'
918 2197 950 2262 in
972 2197 1047 2280 ipsis
1070 2199 1236 2265 rivulorum

22 2293 260 2376 inclamantes
285 2303 431 2388 frigidos,
463 2302 494 2368 in
522 2302 628 2368 rivulis
653 2302 743 2368 vellis
768 2303 936 2387 Borrepnil
958 2305 989 2368 d.
1015 2303 1048 2368 S.
1071 2305 1237 2371 Geronimo

22 2395 138 2468 lSierro
159 2406 292 2474 Neocda
313 2405 538 2490 (anuuorrrr),
569 2407 608 2472 ad
631 2407 818 2489 Barrotirtle
840 2405 871 2471 in
895 2407 996 2472 insula
1025 2409 1119 2489 Uest,
1152 2409 1237 2474 saer-

22 2505 71 2586 oei,
94 2507 126 2574 l.
147 2509 216 2576 Mac
231 2511 358 2578 Kuntnv
390 2511 520 2576 termam
546 2509 693 2576 humilem
716 2511 853 2576 sterilem
877 2510 960 2577 toliis
982 2511 1072 2578 valde
1094 2512 1238 2580 mollibus

22 2607 92 2690 opus
107 2615 284 2682 acuminatis
308 2599 395 2700 legit.
440 2616 476 2681 In
499 2615 613 2682 montis
629 2615 722 2681 Sinai
743 2616 821 2681 locis
844 2615 966 2699 aquosis
982 2615 1239 2704 (bisontinus),
1309 2695 1311 2700 ,

23 2733 71 2778 vu.
92 2717 222 2786 Koslecb
244 2720 376 2788 Caucasi
398 2721 601 2806 (nonnurun
635 2721 674 2787 ad
701 2721 816 2788 rivulos
843 2723 875 2787 in
897 2741 938 2788 m.
964 2723 1135 2808 Himolojo
1155 2723 1238 2789 altit.

23 2811 103 2884 'tillim
123 2822 364 2910 (incensurum).

67 2923 158 2992 Frvvct.
180 2939 298 2996 rrmtnr.
322 2930 475 3016 Auguste.

66 3037 163 3112 socies
177 3041 230 3102 Br.
253 3043 405 3102 turbinato
428 3043 511 3102 valde
536 3041 642 3114 affinis,
665 3045 695 3102 et
718 3061 784 3116 uon,
807 3043 863 3102 uisi
886 3045 1001 3104 statura
1026 3043 1172 3114 validiore,
1196 3043 1240 3102 fo·

23 3121 123 3198 sinplo
144 3128 187 3186 vel
210 3131 302 3206 triplo
319 3131 486 3205 majoribus,
507 3130 595 3200 laete,
618 3130 750 3191 siccitate
768 3153 782 3191 o
799 3131 956 3191 strunrineo
972 3129 1123 3202 viridibus,
1146 3129 1239 3206 inagis

23 3211 103 3302 volneris
122 3229 169 3274 neo
183 3219 336 3288 carinatis,
360 3219 490 3292 margine
513 3217 669 3293 angustius
689 3219 811 3280 limbato
827 3221 905 3279 recto
923 3218 967 3278 vel
984 3217 1089 3277 leniter
1105 3217 1240 3289 recurvis,

24 3309 71 3352 urus
90 3302 240 3364 reticulatis
264 3305 390 3365 diversa

65 3385 158 3450 Planta
178 3394 304 3454 maxime
328 3393 491 3464 variabilis,
521 3410 597 3454 nnuc
625 3393 751 3467 humilis,
774 3411 850 3454 uuum
875 3395 953 3455 elata
975 3393 1170 3470 gracilescens
1193 3393 1238 3454 vel

24 3463 57 3564 lus
75 3477 178 3551 magnis
199 3481 432 3541 tumescentibus
454 3479 616 3540 imbricatis
638 3481 850 3558 speciosissima
875 3483 904 3540 et
928 3481 1123 3556 vegetationis
1154 3483 1239 3558 bryo·

24 3571 83 3624 praa
103 3563 211 3637 alpinae
235 3569 325 3629 decus
349 3569 469 3628 maxime
492 3569 617 3644 insigne.

351 3737 482 3822 Subgon.
506 3735 537 3802 3.
583 3735 853 3820 ilbodobryum.

65 3865 179 3941 Plantae
200 3875 456 3959 speciosissimae,
479 3877 535 3942 sub
558 3876 643 3959 apios
665 3875 860 3941 innovatione
883 3875 1006 3961 singula
1027 3877 1059 3942 et
1081 3874 1242 3943 catoloni-

25 3973 223 4046 absitatibus
246 3981 456 4048 subterraneis
478 3981 596 4064 prolem
618 3981 842 4047 continuantes.
875 3980 961 4046 l'olia
983 3981 1103 4047 caulina
1125 3982 1242 4046 remota

25 4071 252 4157 otnanirormis
264 4131 275 4166 ,
299 4085 430 4152 comalio
452 4087 483 4151 in
507 4087 641 4152 rosulam
666 4085 804 4168 patulam
827 4085 918 4171 (unde
940 4088 1063 4170 nomen)
1087 4086 1243 4170 congesta,

25 4193 93 4260 tgna
112 4189 484 4271 acuminato-spatiolum,
508 4189 648 4274 margine
672 4193 799 4255 serrata.
845 4189 950 4256 l'loves
973 4191 1080 4256 diolci:
1113 4189 1243 4256 masculi

26 4283 127 4364 scotici,
157 4291 238 4357 ioliis
273 4293 512 4378 perigenislibus
542 4293 723 4360 arvtberitiis
755 4296 788 4360 et
810 4295 1032 4378 parapbysibus
1055 4293 1242 4359 numerosis·

25 4385 65 4448 uis
83 4389 264 4478 interpositis
289 4397 375 4476 latis,
398 4399 621 4482 parapbysibus
644 4397 909 4484 chloropbpliosis.
956 4399 1084 4464 Fructus
1112 4395 1241 4482 generis,

26 4493 96 4566 ›puula
115 4517 228 4584 semper
250 4501 413 4587 elongato·
436 4503 484 4569 vel
505 4503 819 4588 oblongo-obconice,
850 4502 961 4570 leuiter
984 4504 1118 4568 incurva.
1165 4499 1242 4564 Pro·

26 4601 118 4766 {ital
146 4603 223 4690 Brva
255 4625 332 4690 quae
364 4626 433 4673 cum
457 4607 514 4672 Br.
547 4607 697 4694 copillrrri
728 4608 847 4692 cyclum
879 4607 1049 4674 naturalem
1080 4603 1242 4670 otiormant

26 4721 27 4728 ,
70 4721 97 4772 1,
