3434 5234
673 311 874 376 Grimmw.
940 410 944 418 .

325 494 401 562 seat.
426 494 453 560 Ι.
492 491 773 559 Peristomiom
794 494 904 560 ualde
925 492 1211 578 imperfectum.

552 639 576 699 1.
611 640 776 699 Grlmmla
797 641 988 712 sphaerion,

480 763 631 840 Gymnost,
655 765 800 842 pulvinat.
823 765 926 824 Hans.
950 764 998 838 Sp.
1021 763 1059 822 Μ.

216 913 605 998 Contensem-pulvinata,
628 914 781 998 puluinuli
802 913 941 999 fragiles,
963 911 1208 978 lurido-virides.
1253 910 1341 977 Folia
1363 911 1411 976 iu·

124 1019 241 1087 iariora
254 1019 438 1096 lauoeolata,
453 1018 611 1102 superiora
626 1018 909 1087 ovato-lanceolata
924 1016 1231 1102 hyalino-apioulata,
1254 1016 1411 1099 perichae-

125 1125 220 1192 tialia
241 1124 360 1209 majora
382 1124 416 1189 in
437 1124 535 1208 pilum
558 1124 744 1191 aemulatum
767 1123 993 1209 planiusoulum
1009 1122 1159 1201 exeuntia,
1182 1121 1412 1188 canneto-oon·

125 1249 220 1309 aava,
252 1229 393 1314 margine
415 1228 547 1310 reflexa,
580 1231 667 1297 costa
689 1230 746 1297 sub
768 1229 854 1314 apiae
877 1227 1015 1296 evanida.
1061 1226 1194 1310 Capsula
1217 1225 1411 1311 subglobosa,

125 1335 198 1400 tota
220 1333 377 1411 immersa,
400 1335 544 1416 operculo
567 1332 897 1400 dilatato-mamiliani.
941 1330 1122 1398 Peristomii
1144 1331 1251 1396 dentes
1275 1329 1413 1396 truuoati

124 1437 482 1519 brevissimi,·anuulum
505 1440 726 1523 perangustum
748 1437 830 1504 haud
852 1437 1042 1518 superantes.
1073 1435 1178 1518 Bryol.
1195 1453 1257 1501 eur.
1273 1435 1411 1516 Vollll,

126 1541 206 1608 Tau.
231 1541 307 1608 231.

129 1666 393 1750 Gymnostomom
409 1665 623 1750 petulantum,
646 1664 775 1748 simplex
795 1663 987 1746 divisumque
1002 1661 1208 1742 innovatione,
1231 1661 1314 1727 loliis
1330 1661 1411 1744 peri-

239 1767 413 1854 gonialibus
435 1767 575 1836 femineis
600 1769 861 1854 oblongo-oratis,
883 1767 1079 1834 duotulorum
1101 1766 1247 1833 fasciculo
1270 1766 1412 1849 inpilum

240 1891 350 1939 oenum
386 1874 551 1956 protenso,
589 1873 730 1956 operculo
767 1891 911 1940 convexo.
956 1871 1068 1936 Hsnw.
1102 1868 1188 1954 Speo.
1222 1869 1321 1938 Mune.
1357 1869 1409 1950 36,

240 1977 318 2045 lab.
340 1978 400 2044 ΠΙ.

173 2082 299 2150 Horra.
323 2081 482 2148 Deutsohl.
506 2082 553 2148 lll.
599 2083 691 2148 Wns.
714 2083 747 2148 et
768 2081 877 2148 Mosa.
900 2080 937 2146 B.
960 2079 997 2147 Τ.

128 2186 337 2253 Sobistidiom
354 2186 558 2272 pototuotum
580 2187 671 2251 Bam.
694 2184 801 2269 Bryol.
823 2182 907 2251 univ.
953 2183 1039 2248 Naas
1062 2183 1094 2247 et
1116 2181 1280 2248 Hosrtscfl.
1304 2183 1410 2266 Bryol.

240 2309 338 2374 gerru.
383 2290 441 2355 Ba.
463 2291 497 2357 et
518 2288 592 2356 Sos.
614 2289 719 2374 Bryol.
743 2308 806 2356 eur.
851 2290 901 2355 Da
923 2288 1041 2354 Nouus
1065 2285 1143 2371 Syll.
1166 2288 1198 2352 et
1220 2287 1302 2369 ltpil.

132 2397 296 2461 Gmmmr'o
317 2394 485 2479 spboerioo
508 2393 580 2461 Sca.
604 2393 698 2478 Stirp.
722 2412 821 2460 norm.
847 2391 942 2459 1844.

132 2501 295 2565 Grimmio
316 2497 508 2583 Hoffmooni
529 2497 563 2565 Ο.
587 2499 723 2564 Moenus
746 2497 875 2582 Synops.

220 2619 331 2686 Habet.
353 2621 386 2686 in
407 2620 534 2703 rupibus
558 2619 670 2685 siliceis
693 2618 743 2686 vel
765 2617 925 2685 basaltiois
948 2637 964 2682 e
987 2616 1111 2702 regione
1133 2617 1300 2700 campestri
1322 2635 1411 2683 mon·
1516 2629 1519 2634 '

130 2729 202 2794 tosa
237 2743 333 2809 usque
362 2725 396 2790 in
426 2724 639 2808 subalpinam,
676 2724 749 2790 hino
780 2723 851 2790 inde
884 2741 939 2806 per
969 2741 1079 2788 aonam
1108 2720 1340 2787 intermediam:
1372 2719 1412 2787 ad

130 2830 354 2896 Rbeiabuusen
376 2847 470 2913 prope
494 2829 663 2916 Gottiopeo
685 2830 737 2895 ubi
760 2828 940 2894 Humanum
961 2827 1094 2909 detexit,
1116 2844 1210 2909 prope
1235 2827 1326 2892 (brool
1347 2827 1413 2893 Ba·

129 2955 196 3002 sar.
220 2935 306 3001 rheu.
339 2934 379 3001 ad
406 2953 497 3018 rupes
520 2934 688 3000 basalticas
711 2933 930 3018 (Massones),
959 2951 1005 3014 pr.
1031 2932 1140 3017 Serrip
1162 2931 1196 2996 in
1219 2931 1302 2996 ualle
1325 2931 1412 2996 Soor

128 3041 219 3106 infer.
242 3040 421 3124 (Wnsuun),
444 3058 489 3122 pr.
515 3039 603 3104 Jaur
625 3035 754 3104 Silesiae
776 3037 926 3122 (Mnus),
958 3035 997 3102 ad
1020 3036 1217 3120 Rosstrappe
1239 3034 1412 3118 Heroyniae

128 3145 321 3229 (Bassaris),
343 3162 389 3225 pr.
406 3143 613 3210 Sobriesbeim
634 3142 735 3210 ducat
754 3141 879 3209 badens.
902 3141 1038 3226 (Houor)
1060 3157 1085 3205 e.
1109 3158 1137 3205 a.
1159 3139 1181 3205 l.
1227 3139 1264 3203 In
1286 3137 1411 3205 Canaba

127 3247 286 3332 superiore
309 3247 493 3314 Dauuuonu
516 3245 602 3332 legit.
961 3237 963 3244 ’

218 3351 329 3417 Frrsot.
352 3357 468 3418 matur.
492 3369 571 3417 vere.

218 3463 289 3523 (tum
312 3461 436 3522 nominis
459 3461 599 3532 mutatio,
631 3477 736 3538 genere
760 3460 886 3531 mutato,
918 3459 1083 3520 necessaria
1105 3461 1163 3530 est,
1191 3475 1313 3532 nomen,
1335 3459 1412 3535 quod

124 3551 216 3627 longa
239 3549 348 3610 abhina
368 3549 477 3623 speciei
499 3565 564 3609 oum
587 3548 713 3609 Bruohio
736 3547 862 3622 imposui
892 3549 979 3622 atque
1006 3546 1036 3605 in
1063 3547 1205 3622 stirpibus
1234 3547 1413 3608 normalibus

125 3637 230 3714 Bryol
253 3655 313 3698 eur.
336 3635 496 3712 divulgari,
520 3635 654 3696 restituo.

413 3823 491 3889 Soet.
514 3821 561 3887 ΙΙ.
600 3820 881 3888 Peristomr'um
900 3817 1128 3905 perfeetum.

556 3953 586 4010 2.
616 3949 784 4008 Grimmla
813 3949 979 4006 eonferta.

617 4079 623 4086 ·
671 4055 755 4114 Fons
779 4055 817 4114 ll.
840 4055 872 4114 Τ.

215 4168 385 4237 Pulvinata
405 4169 454 4236 vel
477 4169 694 4252 caespitulosa,
717 4170 895 4252 plerumque
916 4164 1054 4232 humilis.
1083 4163 1172 4231 Folia
1188 4165 1296 4231 ussto·
1313 4168 1344 4232 et
1359 4167 1413 4232 ob-

127 4274 428 4363 longo-lanosolata,
450 4274 567 4340 inieme
589 4275 731 4359 margine
751 4271 873 4351 reflexa,
896 4287 1023 4354 superne
1046 4269 1185 4354 margine
1205 4271 1288 4336 recto
1303 4270 1415 4336 leniter

124 4381 326 4458 incrassata,
349 4397 472 4446 summe
493 4379 664 4461 brevipila,
686 4377 748 4461 pilo
771 4377 889 4442 remote
912 4373 1121 4452 denticulato,
1143 4371 1271 4452 mollia,
1291 4371 1414 4456 juniora

125 4487 271 4554 saturata
291 4483 413 4564 uiridia
437 4484 557 4552 seniora
584 4482 803 4558 luscescentia3
826 4479 955 4547 oellulue
970 4478 1070 4562 partis
1085 4476 1249 4561 superioris
1266 4477 1412 4558 minutae,

125 4591 300 4676 quadratae
322 4589 363 4656 ad
385 4589 503 4673 apioem
525 4589 648 4655 omnino
671 4605 800 4671 opaeum
821 4585 978 4652 interdum
1001 4584 1134 4649 stratum
1153 4582 1264 4665 duplex
1279 4583 1413 4649 allicien-

124 4699 187 4764 tes.
234 4693 370 4779 Ospsula
391 4691 642 4779 ovato-globosa,
664 4691 761 4770 tirsoa,
783 4689 990 4774 leptoderma3
1013 4687 1154 4772 operculo
1170 4706 1186 4754 e
1201 4686 1266 4752 late
1280 4703 1413 4753 oensem
