3022 5230
512 309 711 370 Grlmmim
1195 311 1259 382 343

45 487 117 552 ban.
147 487 250 572 Bryol.
283 487 367 553 univ.
412 487 500 554 Nuus
530 488 562 555 et
594 489 757 555 Hesusosa
787 486 892 573 Bryol.
924 505 1020 572 germ
1064 489 1114 554 Ds
1135 487 1255 556 Norae.

95 590 164 674 Syll.
185 593 217 657 et
240 592 324 674 Epil.
368 592 688 661 marasmon.

18 695 158 779 Eumlypta
179 695 406 782 rbabdoeaopo
427 697 485 762 Ba.
502 697 535 762 et
550 695 623 762 sna.
645 696 751 780 Bryol.
774 715 838 762 eur.
887 695 986 762 Wrrs.
1011 695 1114 780 Bryol.
1138 696 1218 763 Brit.

21 797 157 884 irraypto
178 799 293 883 affinis
315 800 424 864 Hune.
447 799 492 864 fil.
513 800 547 864 in
570 799 662 866 Wns.
683 801 716 865 et
730 799 828 866 Mosa
850 797 976 865 Archiv.
999 801 1029 883 (e
1051 798 1214 883 specimine
1236 820 1255 866 a

94 903 201 968 llobrio
223 903 375 986 inscripto
386 905 419 989 i).

79 1025 168 1091 liubit.
197 1027 229 1092 in
262 1026 435 1110 subalpinis
459 1027 491 1092 et
512 1025 624 1108 alpinis
647 1025 686 1091 ad
708 1025 822 1091 terram
845 1024 1005 1090 humosem
1028 1024 1060 1091 et
1082 1024 1113 1089 in
1135 1023 1253 1106 rupium

23 1127 103 1192 fissus
121 1149 169 1212 per
190 1132 295 1196 totum
318 1130 448 1214 Alpium
471 1132 606 1196 tractum
629 1147 723 1196 zonae
745 1129 944 1196 intermediae
958 1129 1049 1212 atque
1069 1127 1253 1212 septentrio·

21 1231 84 1306 mis,
101 1233 214 1300 minime
236 1237 326 1300 rarat
355 1235 516 1316 Nusquam
538 1235 741 1316 proceriorem
763 1233 827 1299 ridi
849 1253 940 1315 quam
961 1231 994 1298 in
1015 1232 1150 1317 Norveg.
1173 1231 1252 1314 Alpe

20 1332 159 1419 berefjeld
179 1357 272 1420 prope
290 1335 486 1422 Konpevnlrl,
509 1337 559 1404 ubi
583 1336 709 1420 plantae
731 1337 898 1405 biunoiales
910 1339 954 1403 ‘et
968 1336 1123 1422 longiores
1137 1335 1253 1419 reperi·

18 1447 87 1504 untur.
124 1441 300 1506 lnsnmmo
324 1441 430 1525 Tyrol.
457 1440 511 1506 Col
533 1443 569 1506 di
591 1442 704 1506 Stolvio
734 1441 865 1507 iormam
897 1440 959 1526 legi
982 1439 1161 1524 peristomio
1182 1440 1252 1524 pal-

16 1538 58 1602 lito
74 1542 171 1626 begare,
192 1543 225 1608 in
247 1544 415 1610 Helvetiae
438 1543 675 1630 Wenqern-Alp
698 1544 829 1610 formam
852 1543 974 1610 omnino
988 1545 1248 1631 gymnostomam,

16 1663 78 1722 qum
95 1649 176 1712 eliam
197 1649 236 1715 cl.
260 1649 346 1715 Jrou
369 1648 403 1712 in
424 1648 506 1714 valle
529 1647 663 1714 Danubii
693 1649 803 1714 Ducat.
834 1647 975 1714 badensis
1005 1646 1170 1731 superioris
1201 1649 1251 1714 sat

15 1749 102 1828 copiose
119 1750 190 1836 legit
211 1754 245 1818 et
268 1752 370 1818 misit.

75 1853 166 1921 Fraet.
187 1865 307 1924 matur.
333 1857 465 1924 aestate.
608 1892 616 1898 -

75 1963 159 2026 biorn
180 1971 217 2027 ab
241 1969 278 2028 Ε.
296 1976 485 2046 commutata,
508 1969 555 2030 oui
578 1968 780 2044 magnitudine
803 1971 833 2028 et
855 1969 960 2028 habitu
983 1967 1057 2026 satis
1080 1965 1182 2026 similis
1198 1966 1251 2038 est,

16 2049 111 2121 «alypon
129 2056 220 2115 minus
242 2057 356 2132 longa,
390 2057 513 2131 capsula
535 2055 723 2116 mio-striata
749 2057 895 2116 rarissime
918 2053 1087 2130 peristomio
1109 2053 1251 2113 destituta

19 2144 38 2188 e
54 2137 212 2285 ωξᾙρὶῡωα,
234 2160 356 2219 semper
378 2146 481 2203 exacte
503 2145 584 2204 recta
607 2144 637 2202 et
656 2143 793 2218 regulari.
838 2143 921 2204 Folia
944 2143 1022 2202 baud
1045 2157 1112 2202 raro
1135 2139 1251 2215 pilifera

17 2237 81 2294 repen
124 2247 160 2288 rr.

406 2408 440 2465 4.
472 2406 669 2477 Enoalypta
689 2405 818 2466 efflata
927 2409 929 2418 '

449 2527 552 2586 Hsnw.
575 2527 656 2603 Spoo.
679 2528 769 2588 binae.

71 2653 165 2721 tanim
187 2658 408 2742 caespitulose,
432 2657 594 2741 caespituli
615 2678 695 2725 nuno
717 2658 840 2742 parvuli
860 2658 995 2726 humiles
1017 2676 1098 2725 nuno
1119 2658 1251 2743 majores

14 2753 64 2820 atis
82 2758 308 2842 elati-molles,
332 2762 414 2828 laete
438 2762 486 2827 rel
508 2763 622 2845 pallide
644 2763 766 2830 vindos
813 2763 903 2830 Folia
924 2762 1040 2842 mollia,
1063 2762 1144 2831 siooa
1165 2780 1251 2830 oom-

14 2855 92 2934 pliuta
113 2863 421 2946 circinato-incurva,
455 2867 593 2952 margine
623 2867 847 2947 mennonium,
879 2868 1011 2933 maxime
1039 2867 1251 2942 verruculosa;

14 2963 67 3028 osta
95 2967 200 3048 pallide
231 2970 408 3037 lnteseents
437 2971 469 3036 in
491 2989 667 3039 mucronem
690 2973 817 3039 mollem
848 2971 997 3056 producta
1024 2971 1075 3038 vel
1105 2969 1163 3037 snb
1184 2968 1253 3034 folii

14 3065 94 3144 *tilulo
113 3073 221 3154 pallide
243 3075 333 3142 lamo
354 3077 499 3152 cranium
529 3078 595 3144 rete
624 3077 756 3144 basilam
787 3077 890 3143 laxum
913 3078 963 3142 sat
985 3075 1049 3142 alte
1070 3073 1251 3158 productum

14 3185 101 3250 omme
121 3174 352 3245 mio-cinctum.
397 3178 546 3265 Calyptra
566 3181 659 3265 longe
680 3180 761 3246 inira
782 3181 938 3264 capsulam
960 3179 1123 3264 procedens
1138 3176 1251 3260 pallide

14 3277 146 3358 mamea,
167 3283 234 3348 basi
250 3283 374 3350 laciniis
390 3284 570 3351 lanceolatis
586 3285 695 3351 ornata
710 3284 850 3352 siccitate
865 3283 1097 3352 conniventibus
1120 3278 1252 3347 humidi-

14 3382 52 3440 ltt
69 3385 232 3460 patentibus
256 3389 471 3455 concoloribus
494 3389 543 3454 vel
565 3389 716 3455 amentiis
738 3391 770 3455 et
792 3387 1007 3456 solidiusonlis.
1053 3385 1186 3470 Oepsula
1218 3383 1251 3450 in

14 3479 117 3550 altello
137 3489 311 3557 luteseente
334 3491 707 3578 elongato-cylindraoea,
730 3493 863 3576 primum
884 3492 1000 3559 luteola
1021 3493 1148 3558 tandem
1170 3489 1252 3556 rufo·

14 3579 73 3664 isa
86 3594 227 3673 concolor,
248 3597 331 3662 since
347 3596 517 3680 cylindrioa
532 3598 628 3664 laevis
644 3598 699 3663 snb
715 3615 768 3664 ore
782 3596 893 3662 leniter
907 3595 1083 3662 constricta.
1111 3593 1252 3662 Annuus

14 3687 89 3756 ulus.
129 3697 350 3766 Peristominm
372 3703 423 3767 sat
444 3702 537 3787 longe
559 3703 617 3768 sub
639 3701 755 3768 orificio
777 3702 895 3782 oriens,
919 3701 1089 3785 parvulum
1112 3718 1130 3767 o
1150 3699 1252 3766 clenti-

14 3805 45 3854 us
64 3795 96 3862 16
115 3805 244 3886 anguste
266 3804 449 3872 lanceolatie
471 3806 523 3872 rel
545 3825 562 3872 e
583 3805 722 3889 pluribus
744 3804 965 3890 irregularibus
988 3802 1138 3870 amentiis
1154 3803 1251 3870 laevi·

14 3909 45 3956 m
62 3905 270 3986 compositum,
294 3909 437 3976 siccitate
459 3911 615 3994 capsulam
637 3909 871 3976 horizontaliter
892 3907 1046 3985 claudens,
1066 3905 1252 3974 humiditate

14 4006 94 4080 auus,
114 4028 180 4076 raro
201 4012 336 4079 nubum.
364 4013 479 4096 Speras
501 4033 632 4099 magnae
655 4012 818 4096 ⁴srnomm.
842 4028 972 4090 crassae,
995 4010 1163 4089 sublueres,
1185 4007 1252 4076 dia-

14 4097 102 4174 luna,
142 4113 247 4198 Bryol
278 4136 343 4183 eur.
367 4115 514 4198 v01.111‚
536 4118 612 4184 Tab.
631 4117 705 4183 200.

14 4217 107 4292 besse
127 4235 253 4315 elima,
288 4239 431 4323 calyptra
453 4239 523 4305 laxa
544 4241 666 4317 eonion,
699 4256 751 4304 ore
772 4235 939 4314 larinate,
968 4233 1132 4319 vaginulae
1152 4253 1252 4300 mem

89 4331 178 4405 brana
198 4341 369 4424 cylindrioa
391 4343 502 4410 Hrnu
525 4343 624 4409 Musa.
651 4343 689 4408 ir.
712 4343 739 4421 1,
762 4341 836 4406 Tab.
860 4337 909 4405 19.
954 4337 1136 4425 Errcolppta
1157 4337 1199 4402 ici
1222 4337 1253 4403 in

88 4437 166 4520 Spes.
189 4443 290 4512 Musa.

14 4547 103 4634 lcum
123 4564 204 4630 ene
225 4567 335 4634 conon
357 4569 500 4652 mepte
520 4567 689 4654 synnusia
711 4566 819 4634 eman
833 4564 926 4648 unge
940 4562 1083 4629 moun.
1111 4559 1255 4630 unm.

90 4661 167 4732 mu
189 4667 285 4754 susp.
307 4671 401 4738 mn.
424 4671 461 4737 a
482 4672 540 4740 ua
