3128 5254
522 333 691 413 litom-
1178 339 1241 408 783

25 519 146 584 >roduin
164 517 211 586 rel
232 516 409 598 meandens,
431 535 520 601 parce
541 515 728 593 tumulosus,
755 513 850 582 ramis
871 513 1042 599 fastigiatis
1063 518 1103 583 ad
1124 515 1241 601 apicem

25 621 130 700 rurus,
158 621 277 688 omnino
308 621 525 688 eradiculosus.
570 619 658 684 Folia
686 619 823 686 conserta
849 619 1038 687 subsecanda
1060 621 1092 686 et
1113 619 1241 688 falcato-

25 724 118 804 amn,
137 723 246 802 mollia,
268 722 492 790 dirersiiormia
514 723 694 805 diversoque
715 721 805 787 modo
827 723 965 802 curvata,
988 723 1095 789 orate·
1110 722 1174 791 late
1189 725 1242 791 ob·

25 845 90 912 rogo
108 831 134 894 et
152 826 506 913 elongato-lanceolata,
532 827 653 894 bravius
676 826 838 910 longiusve
860 825 1053 907 acuminata,
1075 830 1167 896 acute
1188 847 1241 894 seu

25 931 101 1011 roim,
120 931 291 1016 plerumque
306 931 422 1015 pluries
446 932 577 1011 sulcata,
600 949 741 1010 concava,
765 931 852 996 costa
874 931 958 997 tenui
981 931 1113 1015 simplici
1128 933 1178 998 vel
1193 933 1243 1000 bi·

25 1053 69 1100 rca
95 1037 167 1102 ultra
187 1036 321 1104 medium
350 1034 479 1104 evanida
510 1036 560 1102 ael
582 1034 738 1112 breviore,
767 1033 907 1120 margine
935 1033 1058 1120 integro
1085 1037 1136 1102 vel
1156 1037 1243 1120 apice

25 1141 109 1207 miste
126 1141 321 1220 denticulato,
343 1139 532 1208 meolatmne
554 1140 688 1224 angusta
711 1138 845 1206 flexuosa
867 1138 907 1204 ad
928 1138 1060 1223 augurius
1081 1139 1150 1207 laxe
1173 1159 1242 1208 rec·

25 1245 102 1326 nguu
121 1244 251 1329 hyalina
296 1245 403 1312 Floras
432 1243 561 1310 maseuli
586 1244 618 1308 in
648 1243 754 1327 plenta
784 1242 932 1310 femineae
961 1243 1056 1310 simili
1077 1245 1242 1322 numerosi,

25 1344 148 1430 alophylli,
162 1347 365 1428 arassiuscnli,
387 1347 470 1414 loliis
485 1347 722 1414 involucrulibus
737 1345 883 1412 ecostatis
898 1346 984 1430 apice
998 1347 1123 1431 patulis.
1153 1347 1243 1415 Peri·

25 1448 100 1516 nium
119 1469 319 1534 squamosum.
349 1451 576 1518 Perichaetinm
599 1451 787 1535 elongatum,
804 1449 1136 1533 squamoso-foliosum,
1159 1452 1241 1519 loliis

25 1555 114 1620 ostatis
132 1555 211 1624 haud
225 1555 363 1636 sulcatis,
386 1555 472 1639 apios
494 1555 662 1640 angustato
677 1553 787 1622 obtuse
803 1555 939 1622 serratis.
972 1554 1104 1641 Capsula
1126 1576 1143 1624 a
1164 1558 1243 1625 collo

25 1657 61 1722 eri
79 1661 172 1727 erecto
193 1679 307 1728 cernua
329 1663 361 1726 et
382 1660 643 1738 incurvo-cernua,
666 1658 764 1724 ovalis
786 1659 819 1724 et
841 1657 984 1745 oblonga,
1008 1662 1150 1743 operculo
1173 1681 1241 1730 ma·

25 1759 94 1841 llari,
115 1765 227 1830 annulo
248 1763 313 1830 lato
335 1763 503 1830 triseriato.
548 1761 727 1828 Peristomii
749 1761 857 1828 dentes
880 1763 1044 1844 breuiores,
1067 1766 1165 1831 diluis
1187 1785 1243 1832 au-

25 1864 76 1942 rtii,
95 1865 156 1933 late
178 1867 457 1952 hyalino-limbati,
477 1867 747 1933 articulationibus
768 1867 985 1935 remotioribus
1008 1869 1093 1935 intus
1107 1869 1244 1936 lamelli-

25 1969 124 2052 mibus‚
145 1972 259 2039 interni
281 1972 459 2040 membrana
482 1972 622 2038 basilnris
645 1972 815 2056 angustior,
837 1989 998 2054 processus
1019 1974 1059 2041 ad
1080 1972 1168 2041 basin
1190 1992 1243 2039 ue·

25 2073 125 2142 amtor
144 2076 377 2143 articulationes
399 2076 600 2156 dehiscentes,
622 2074 694 2141 cilia
708 2074 899 2142 tenuissime
928 2074 1042 2158 Sporae
1057 2076 1243 2162 majusculae

25 2174 89 2244 idea.
131 2180 237 2265 Bryol.
271 2199 335 2247 eur.
358 2180 428 2248 Vol.
448 2180 503 2258 VI,
526 2180 601 2246 Tab.
623 2178 688 2245 580
710 2179 946 2266 (Limaodium).

25 2317 121 2382 paam
142 2301 328 2368 ostraceum
349 2301 481 2366 Touana
503 2302 536 2367 in
559 2301 652 2368 Herb.
698 2300 829 2368 Wnsou
852 2302 959 2386 Bryol.
983 2303 1062 2368 Brit.
1086 2321 1114 2386 p.
1129 2301 1204 2368 400.

25 2403 167 2470 mnodum
189 2405 374 2472 ostraceum
395 2405 469 2472 Son.
492 2405 597 2490 Brpol.
620 2423 683 2471 eur.

58 2525 166 2594 Hace
196 2528 236 2595 ad
258 2547 331 2596 saxa
357 2530 389 2594 et
415 2528 498 2610 ripas
529 2526 661 2612 irrigata
682 2525 850 2593 rivulorum
872 2527 1063 2613 frigidorum,
1085 2547 1102 2596 e
1122 2528 1245 2614 regione

26 2629 110 2696 utana
131 2650 231 2715 usque
252 2631 286 2697 in
307 2629 499 2714 subalpiuam
521 2649 575 2714 per
597 2630 698 2696 totam
720 2647 827 2696 zonam
850 2629 1063 2699 intermediam
1078 2636 1110 2698 et
1125 2636 1243 2716 septen-

25 2734 142 2815 nalem,
173 2736 303 2803 minime
333 2754 438 2803 rarum
469 2735 523 2802 sed
558 2735 596 2800 ob
618 2732 816 2800 sterilitatem
837 2735 1027 2818 frequentem
1049 2735 1101 2802 diu
1123 2737 1246 2821 neglec-

25 2855 47 2900 r:
68 2839 99 2904 in
120 2841 257 2924 Alpibus
280 2840 404 2908 scotiois
424 2839 491 2924 jam
513 2858 592 2905 anno
616 2838 696 2904 1807
728 2838 766 2906 cl.
789 2839 930 2919 warna,
952 2840 1006 2906 sed
1029 2840 1135 2906 sterile
1157 2841 1235 2926 legit

25 2941 59 3008 ius
81 2945 137 3012 Dr.
162 2947 292 3012 Tarsos
314 2945 347 3010 in
369 2945 473 3011 comit.
500 2943 647 3010 Weklow
670 2942 771 3009 fertile
792 2941 917 3024 detexit,
939 2944 994 3009 Dr.
1017 2944 1131 3012 Moonn
1153 2964 1245 3030 prope

25 3043 96 3126 din,
119 3051 153 3114 et
175 3049 210 3116 J.
232 3047 371 3115 Nouam
392 3048 425 3113 in
448 3047 567 3133 (inple
590 3045 708 3132 omps
739 3065 832 3130 prope
858 3048 1074 3132 Todmordea,
1107 3049 1158 3114 nbi
1179 3049 1247 3133 ipse

25 3149 87 3218 ibus
102 3153 257 3232 Nownnu,
281 3152 383 3220 Woon
404 3153 436 3218 at
453 3151 582 3218 Wnsou
605 3169 684 3219 anno
708 3150 790 3218 1865
814 3152 964 3218 fructibus
987 3154 1159 3220 numerosis
1181 3155 1246 3220 eol·

25 3301 36 3332 ,
57 3259 220 3324 caeterum
241 3257 350 3323 multis
372 3255 448 3323 locis
463 3274 516 3340 per
532 3255 665 3322 Scotiam
680 3257 714 3320 et
728 3255 910 3322 Hiberniam
924 3255 1103 3333 obsermvi3
1126 3257 1246 3340 copiose

25 3361 92 3426 urit
116 3361 150 3426 in
173 3361 286 3427 rivulis
301 3361 415 3447 Vogesi
437 3361 612 3444 superioris,
634 3359 817 3444 praeprimis
838 3360 878 3426 ad
896 3360 1012 3428 radices
1033 3361 1246 3442 occidentales,

25 3477 51 3527 r.
74 3465 236 3552 Bounar),
258 3465 291 3532 in
312 3465 522 3550 Sylva-nigra,
545 3465 578 3531 in
600 3463 734 3545 Sudetis,
756 3465 808 3532 ubi
829 3466 896 3532 loeo
919 3464 1137 3534 Weisawoeecr
1160 3465 1245 3534 Gom.

40 3585 78 3632 ns
100 3569 378 3636 sonas-monaca
400 3570 525 3652 pulchre
547 3567 737 3636 fructificans
760 3569 904 3655 collegit3
927 3570 958 3636 in
979 3569 1151 3655 Hucynia,
1174 3589 1246 3639 raro
1387 3565 1393 3580 ’

25 3669 58 3738 ile
79 3673 245 3758 (Hasna),
274 3692 327 3756 per
350 3673 489 3740 Sueciam
519 3691 615 3755 nsque
643 3672 675 3738 in
696 3673 901 3756 Lapponiam,
930 3693 983 3757 per
1005 3674 1191 3760 Norvegiam
1214 3675 1246 3741 at

25 3777 209 3858 dlandiam,
232 3777 264 3844 in
286 3779 402 3845 Fennis
425 3777 535 3846 multis
556 3776 652 3856 locis,
674 3777 728 3845 sed
750 3797 871 3862 semper
891 3779 953 3845 lere
976 3779 1082 3846 sterile
1103 3779 1247 3846 observa·

25 3885 157 4056 Ὶῗὲιισι.
183 3995 305 4054 motor.
329 3987 433 4069 erio.
479 3985 631 4070 capsulae
653 3987 754 4054 rarius
775 3987 966 4069 proueniunt.

43 4099 174 4162 Plantae
202 4099 321 4160 steriles
343 4099 461 4175 saepius
483 4097 660 4174 perlongus,
683 4097 874 4174 semipedales
901 4116 1020 4173 nempe,
1049 4099 1244 4174 reperiuntur,

25 4203 41 4244 a
57 4187 216 4260 flaccidae,
231 4186 343 4246 fertiles
359 4187 461 4247 contra
476 4185 525 4245 vir
540 4185 752 4262 sesquiunciam
769 4186 949 4248 excedentes.
978 4185 1245 4259 Distinotissimum,

44 4274 128 4336 nulla
153 4273 220 4336 alia
242 4273 338 4349 speeie
361 4273 532 4350 subgeneris
554 4273 797 4334 commutandum.
841 4273 965 4333 Maxime
989 4273 1222 4349 polymorphumi
