3268 5218
757 223 1035 296 Plrpeoonnitrioideae.

658 487 947 560 Phyaaomitrella
968 489 1102 556 patena.

646 603 751 664 Phaeo.
778 605 883 679 patens
905 601 1009 660 Hnnw.
1032 600 1121 674 Stirp.

331 732 463 799 Plantae
484 731 645 818 gregoriae
668 732 717 799 vel
738 729 959 816 caespitnlosae
981 729 1095 813 pallide
1118 726 1248 803 virides,
1279 727 1416 804 molles,
1447 725 1544 792 eanle

245 835 384 920 perbrevi
406 837 453 903 vel
475 836 585 903 altiore
607 835 780 901 2-3mill.
800 835 984 919 attingente.
1015 833 1103 899 Folia
1118 833 1234 915 patula,
1257 830 1409 897 inferiora
1424 831 1545 896 orato-

246 939 428 1019 lanoeolata,
451 939 608 1024 superiora
629 940 766 1006 roenlam
782 941 938 1022 petentem
954 937 1121 1005 efficientia
1136 939 1201 1004 late
1214 936 1359 1012 eborata,
1383 935 1546 1001 oberato-

179 1112 183 1125 ,
247 1045 380 1129 oblonga
402 1045 434 1109 et
456 1043 651 1127 spathulata,
673 1043 865 1119 acuminata,
890 1043 1028 1109 emedio
1051 1043 1090 1108 ad
1112 1042 1230 1126 apioem
1253 1041 1376 1108 minute
1399 1041 1547 1114 serrata,

244 1151 336 1216 ooata
358 1147 444 1214 molli
466 1147 522 1213 snb
544 1147 630 1231 epioe
652 1148 782 1214 evanida
804 1148 976 1226 instructa,
1010 1147 1205 1224 succulenta,
1227 1147 1370 1211 emortua
1393 1143 1547 1220 llaoaida,

248 1252 362 1338 pallide
388 1251 509 1318 viridia.
554 1251 736 1318 Antheridia
767 1252 800 1318 in
830 1251 904 1319 flore
930 1251 1061 1318 femineo
1087 1249 1160 1318 lolio
1187 1247 1373 1316 involuerali
1410 1248 1549 1331 eingnlo

249 1355 366 1424 minuto
388 1356 524 1422 eooetato
547 1354 689 1435 obtecta,
721 1375 790 1424 raro
821 1354 854 1420 in
876 1356 984 1438 planta
1003 1353 1124 1438 juniore
1147 1352 1325 1420 torminalia
1345 1352 1549 1435 tandemque

250 1461 324 1528 flore
345 1459 475 1526 feminae
497 1459 679 1526 ascendente
701 1460 740 1526 ad
754 1460 837 1526 latus
851 1457 980 1543 dejeeta.
1024 1458 1160 1542 Capella
1179 1459 1364 1537 lneoeeoena,
1386 1457 1551 1526 immersa

250 1566 301 1631 rel
323 1581 492 1648 emergens.
537 1563 643 1647 Bryol.
666 1583 730 1630 eur.
752 1563 822 1632 Vol.
844 1565 870 1643 1,
894 1563 957 1631 tab.
979 1565 1022 1631 11.

251 1687 410 1754 Phaecam
427 1691 544 1772 poleno
571 1683 655 1751 loliis
683 1683 864 1754 lanceolatie
896 1685 1024 1752 serratio
1053 1684 1231 1770 patentibus
1260 1701 1356 1752 nervo
1378 1683 1550 1760 eontinno,

359 1790 449 1856 tlrooa
470 1787 609 1858 aonmine
630 1788 791 1872 pellucido.
834 1791 946 1857 Hnnw.
969 1790 1065 1874 Stirp.
1088 1792 1189 1875 orypt.
1211 1791 1238 1870 l,
1260 1809 1292 1874 p.
1315 1789 1369 1856 28.
1393 1789 1479 1858 aaa
1504 1789 1550 1858 X

358 1894 491 1961 Torone
522 1892 619 1958 Mueo.
652 1893 778 1962 Hibem.
821 1894 921 1962 Smne
947 1895 1039 1980 Engl.
1067 1896 1140 1961 Bot.
1184 1896 1277 1961 Baro.
1304 1895 1416 1978 Bryol.
1455 1893 1551 1960 nnir.

359 1997 446 2064 Nare
462 1997 495 2062 et
508 1995 672 2065 Horonon.
695 1996 800 2080 Brpol.
823 2017 921 2082 germ.
944 1999 1071 2066 Hrarn.
1094 1997 1208 2066 Skand.
1229 1997 1314 2064 Flor.
1344 1997 1397 2063 Dr
1413 1997 1553 2066 Norant.

360 2101 436 2189 Syll
481 2100 570 2168 Dozr
592 2104 625 2168 et
645 2101 810 2170 Monrnne.
833 2102 882 2168 Ill.
904 2103 1017 2170 Batav.
1062 2103 1195 2170 Wnreon
1217 2101 1324 2186 Brpol.
1348 2101 1437 2167 Brit.

251 2223 461 2310 aeternamm
477 2229 593 2308 patene
614 2222 729 2289 Hnnrn
751 2223 784 2288 in
805 2222 940 2290 Monere
962 2223 1036 2310 Syn.

252 2343 512 2430 Ptyeeomilrello
528 2350 645 2428 poterae
670 2343 717 2410 W.
741 2345 801 2412 ΡΗ.
824 2345 898 2414 Scir.
921 2347 944 2414 l.
968 2367 994 2416 o.

251 2465 326 2531 Ver.
348 2470 380 2545 β.
396 2464 597 2635 Ιηιοαείἵὲιια.
634 2465 738 2532 (lanlio
761 2467 926 2550 perbrevis.
961 2467 1049 2534 Folia
1064 2467 1213 2547 conferta,
1237 2465 1392 2548 breviora,
1416 2467 1556 2546 latiora.

361 2586 462 2634 mmne
484 2587 525 2653 pa
572 2590 602 2636 a.

162 2777 171 2798 ι
254 2689 412 2758 Plroeoum
435 2689 651 2758 Lecoeionam
683 2690 770 2758 Nara
792 2694 824 2758 et
844 2691 1007 2760 Honnscn.
1040 2691 1146 2778 Bryol.
1176 2711 1275 2777 germ.
1306 2711 1337 2776 p.
1362 2689 1408 2758 ll
1433 2695 1471 2760 et
1499 2693 1557 2762 lo.

360 2792 436 2860 Tab.
458 2793 487 2858 V
509 2795 539 2882 (e
561 2795 685 2879 specim.
708 2795 889 2878 authenti).

254 2913 327 2984 Ver.
348 2941 376 3002 γ.
398 2918 640 3004 aepapoleena.
671 2916 774 2983 Ganlie
797 2916 906 2983 elatae
934 2915 1024 2982 Folia
1037 2915 1190 3002 longiora,
1213 2919 1413 3002 angustiora,
1430 2923 1558 2988 areola„

361 3017 495 3102 (lapaula
515 3020 549 3086 in
570 3019 718 3104 pedioello
739 3019 875 3105 longiore
898 3039 1027 3100 emersa,
1050 3021 1161 3088 minor.

255 3139 411 3208 Ptoaeom
435 3143 700 3227 monopolitanam
731 3140 873 3207 Soeonnz
895 3141 978 3208 Flor.
1001 3141 1158 3228 Stargart.
1204 3141 1293 3208 Nnns
1316 3143 1351 3210 et
1374 3143 1558 3214 Horrnscn.

364 3243 470 3328 Bryol.
493 3263 591 3328 germ.
613 3263 643 3328 p.
666 3242 717 3311 48.
741 3245 816 3312 ran.
841 3245 877 3310 V.

342 3362 452 3430 Habet.
476 3364 507 3430 in
527 3367 610 3433 terra
631 3365 779 3450 argillosa
800 3367 925 3435 humida
940 3370 1111 3452 pratorum,
1134 3369 1307 3448 letteren,
1331 3369 1373 3436 ad
1388 3370 1559 3440 fossarum

257 3467 357 3534 latera
380 3465 469 3549 inque
491 3467 566 3550 ripir
589 3467 769 3550 fluviorum,
792 3489 845 3554 per
867 3472 967 3540 totam
990 3473 1053 3540 lere
1075 3473 1240 3558 Europam,
1263 3474 1304 3540 ab
1328 3473 1431 3544 Italia
1456 3497 1560 3566 nsque

258 3571 291 3636 in
313 3569 453 3638 Soeeiam
476 3571 566 3654 atque
588 3570 785 3658 Norregiam.
899 3625 903 3636 .

345 3689 455 3757 Froel.
477 3699 594 3759 matur.
617 3695 789 3760 anotnmno.

345 3801 449 3862 Variat
470 3803 552 3864 eaule
574 3804 705 3866 breviore
727 3807 773 3866 rel
795 3807 936 3884 longiore,
958 3807 1036 3870 loliis
1058 3808 1242 3870 brevioribus
1257 3807 1408 3882 dilatatis,
1433 3811 1559 3892 longio-

259 3887 341 3948 ritnr
362 3891 548 3966 angustatis,
580 3909 657 3952 nono
679 3891 849 3969 Merobryo
870 3895 1056 3956 Floerlraooo
1089 3897 1193 3956 eimilie
1227 3914 1321 3973 eoque
1357 3899 1409 3958 rix
1447 3903 1559 3978 major,

259 3989 353 4044 nnno,
386 3973 518 4052 inprimis
549 3977 621 4038 loeis
651 3979 880 4054 humidioribus,
912 3981 1129 4057 Ptyeeoma'trto
1150 3983 1307 4058 aptoorieo
1330 3983 1379 4045 rel
1402 3985 1558 4062 Apiono-

260 4061 383 4135 remo
402 4069 517 4126 molo
538 4065 709 4126 Sonnrrarrr.

347 4145 470 4212 Plantae
498 4151 575 4212 band
603 4170 669 4214 raro
697 4153 840 4214 innovant
866 4157 896 4214 et
918 4155 956 4215 ad
979 4155 1063 4216 basin
1086 4155 1303 4230 periclraetinnr
1327 4157 1403 4220 anni
1430 4177 1557 4236 praere·

261 4229 357 4330 dantia
378 4233 545 4314 relinquunt
567 4239 610 4300 ita
633 4243 666 4300 nt
688 4241 759 4301 lolia
774 4241 913 4302 basilaria
929 4242 1053 4302 eaeteria
1069 4243 1191 4319 majora,
1214 4243 1396 4305 antheridiia
1414 4249 1557 4313 rodonia

261 4321 440 4393 pangoninm
463 4326 640 4388 dieooidenm
662 4327 800 4404 effingere
823 4329 991 4400 rideantur,
1024 4329 1100 4390 nnde
1123 4347 1204 4391 error
1225 4333 1344 4402 noster,
1380 4336 1486 4410 quoad
1513 4337 1557 4396 in·

262 4401 488 4486 lloreroentiam,
521 4413 551 4474 in
574 4414 710 4490 Brpolog.
744 4432 842 4491 enrop.
886 4415 928 4476 De
950 4415 1080 4492 operculi
1103 4417 1230 4494 vestigio
1252 4435 1272 4478 a
1294 4417 1369 4479 alar.
1394 4420 1555 4482 Lrnnmo

263 4487 381 4555 landate
403 4499 498 4562 adhue
519 4501 561 4562 nil
585 4501 653 4564 ridi.
