3388 5218
842 279 1016 344 Introdmtio.

531 505 557 576 ὅ.
581 505 609 563 3.
647 505 689 565 De
711 521 800 564 zonae
823 504 1012 564 intermediae
1036 502 1110 562 facie
1134 501 1313 580 bryologica.

374 636 552 702 Muscorum
574 635 651 702 flora
674 653 768 700 nonae
790 633 991 700 intermediae
1013 633 1254 717 septentrionem
1277 655 1384 702 versus
1406 635 1519 702 mnsim
1534 633 1570 698 in

286 741 375 806 illam
398 757 491 804 nonae
513 737 763 820 septentrionalis
779 737 902 813 transit,
926 736 1000 802 dum
1015 735 1175 802 meridiem
1190 756 1298 804 versus
1314 757 1384 804 cum
1400 739 1457 804 illa
1472 755 1570 802 conae

286 841 496 909 meridionalis
518 840 715 924 pedetentim·
734 840 870 916 comme,
895 840 980 906 salva
1002 827 1113 904 menen*
1129 859 1185 904 sua
1206 841 1432 924 propriaiacie,
1455 859 1531 924 quae
1548 859 1570 904 ι

285 945 364 1012 fecie
385 945 547 1028 utriusque
579 943 674 1010 florae
707 944 871 1029 insigniter
900 963 967 1010 sese
987 942 1163 1028 distingunt.
1207 945 1328 1010 Multae
1350 945 1432 1010 enim
1454 945 1486 1008 in
1508 944 1569 1008 hac

287 1067 364 1114 aona
385 1047 501 1132 species
523 1046 722 1112 inveniuntur
746 1065 825 1130 quae
847 1048 879 1112 in
902 1047 1032 1113 cccmus
1055 1047 1140 1113 nouis
1162 1047 1212 1112 vel
1234 1048 1359 1114 omnino
1381 1047 1494 1112 desunt
1516 1047 1568 1112 vel

286 1152 387 1218 solum
409 1149 568 1236 sporadice
591 1153 772 1228 occurrunt,
803 1150 877 1216 dum
899 1151 931 1216 in
956 1152 1065 1216 nostra
1086 1151 1152 1215 tam
1173 1171 1287 1236 magna
1310 1151 1397 1236 copis
1420 1153 1567 1236 gandent,

285 1255 322 1318 ut
344 1253 553 1318 characterem
575 1253 604 1317 ei
625 1253 809 1336 peculiarem
833 1254 1023 1337 imprimant.
1054 1254 1141 1318 Inter
1165 1253 1282 1337 species
1298 1255 1430 1320 maxime
1444 1253 1568 1338 disper-

286 1373 336 1421 sas
358 1355 551 1438 maximoque
573 1373 700 1421 numero
723 1355 864 1439 protinas
886 1356 1048 1440 praecipue
1070 1355 1276 1422 numerandae
1298 1358 1388 1423 sunt:
1420 1355 1567 1420 Barbula

285 1445 429 1536 muralis,
450 1457 570 1540 fallea,
593 1459 799 1544 unguiculala
809 1508 819 1541 ,
843 1459 1005 1544 ambigua,
1027 1460 1168 1538 ruralis,
1193 1461 1316 1544 Bryum
1339 1460 1564 1544 caespiticium,

288 1561 549 1646 Bambytheeiam
571 1562 763 1644 rutabulum,
786 1563 988 1645 salebrosum,
1008 1564 1204 1648 glareosum,
1228 1563 1403 1641 Luuodoa
1427 1567 1564 1628 Aaomo-

285 1667 348 1730 dea
370 1666 550 1730 uiticulosus
573 1667 605 1730 et
627 1673 822 1748 attenuatus,
847 1667 1131 1751 Cyliadrolleecium
1154 1668 1356 1748 coaoiaaum,
1390 1667 1565 1732 lbuidiam

284 1767 1565 1854 tamarisciuum,Hypaumcaupressiforau,euspidolum,purum,Aaeblystogium

285 1892 423 1957 semme,
447 1870 687 1956 Ibrcrbyacbium
710 1875 857 1936 ebriatum
867 1922 877 1954 ,
901 1873 1121 1957 Hylccemium
1143 1875 1349 1958 triquetrum,
1380 1873 1564 1957 praeprimis

284 1976 419 2063 regionis
442 1975 623 2059 campestris
646 1975 749 2040 cultae
772 1978 804 2040 et
826 1995 1004 2042 nemorosae
1026 1976 1160 2052 incolae3
1194 1977 1426 2041 Rocomilriuaa
1455 1997 1565 2042 coaes-

285 2101 376 2162 oeas,
397 2079 646 2160 bctmcstiotura,
678 2079 918 2164 loauqiaosum,
950 2079 1134 2164 Hedwipia,
1168 2079 1347 2145 Dioroaum
1370 2083 1564 2166 scoparium,

286 2185 513 2268 Lumobrpum,
530 2182 671 2247 Necuro
686 2185 806 2268 crispa,
817 2191 970 2269 perlaeta,
993 2184 1156 2266 Homolio,
1180 2185 1383 2262 Autilmchia,
1407 2185 1564 2270 Hypaam
1665 2177 1675 2198 ⁶

285 2287 550 2374 cupressiferae,
579 2284 735 2364 terricola,
759 2286 893 2353 saxicola
917 2287 949 2352 et
977 2286 1166 2365 erboricola,
1190 2287 1374 2352 leutbertum
1403 2309 1564 2371 raparum,

286 2391 457 2472 subrubei,
481 2389 700 2473 Hylooemium
715 2390 918 2474 triquetrum,
940 2390 1069 2471 loreum,
1091 2391 1267 2474 splendeas,
1290 2391 1485 2472 breuirostre,
1509 2411 1565 2475 per

286 2493 390 2580 sylvas
403 2491 537 2578 regionis
548 2493 712 2558 montanae
726 2491 896 2568 insederim
913 2491 1092 2556 Dieroaam
1104 2494 1303 2574 undulatam,
1320 2493 1564 2576 Maiumofptm,

285 2598 489 2676 madidatum,
513 2602 717 2680 punctulum,
742 2595 902 2660 Grimmia
925 2596 1093 2677 sedulae,
1118 2595 1308 2678 llorlmcm',
1330 2597 1562 2662 Rocomitrium

285 2701 517 2785 loaupiaosum,
540 2697 667 2780 pulchre
686 2697 874 2763 imotificans
889 2717 943 2782 per
958 2697 1091 2764 mediam
1112 2699 1280 2784 regionem,
1306 2721 1480 2781 couesoeas,
1498 2721 1564 2784 po·

285 2811 362 2885 teas,
385 2801 578 2878 sudetioum,
596 2806 800 2884 protensum,
832 2800 1044 2884 fascimelare,
1070 2801 1248 2867 Dieroaum
1271 2805 1418 2884 Scuteri;
1447 2805 1565 2870 Laeca-

285 2927 362 2972 raea
378 2906 503 2986 striata,
526 2901 788 2986 Brachylleecium
804 2903 935 2982 Slorlcii,
952 2904 1112 2988 relicuum,
1136 2905 1355 2990 Hylocomium
1371 2907 1563 2989 umbratam,

286 3011 441 3096 Hypaum
456 3009 751 3089 cristo-castrensia,
770 3007 953 3073 molluscum
969 3011 1028 3074 etc.
1052 3028 1106 3093 per
1126 3009 1280 3076 montium
1301 3011 1458 3096 regionem
1472 3029 1564 3096 supe-

286 3115 409 3180 riorem.
454 3109 502 3176 Ne
523 3109 616 3175 verba
639 3109 750 3176 faciam
772 3109 811 3176 de
832 3111 959 3196 Alpium
990 3113 1165 3197 regionibus
1196 3112 1341 3192 diversis,
1373 3133 1450 3198 quae
1478 3114 1563 3180 haud

282 3216 388 3302 paucis
410 3212 572 3299 generibus
595 3213 628 3278 et
650 3213 807 3296 speciebus
829 3234 890 3281 non
912 3216 985 3282 alibi
1008 3216 1109 3282 adhuc
1132 3217 1262 3301 repertis
1286 3221 1445 3284 ornantur.

370 3337 524 3403 Numerus
544 3334 721 3401 Museorum
742 3353 977 3422 acroearpomm
1000 3358 1056 3422 pro
1079 3339 1200 3404 ratione
1222 3339 1320 3405 totius
1344 3339 1438 3424 dorae
1460 3340 1561 3406 multo

282 3441 381 3525 major
403 3441 452 3506 est
473 3439 506 3504 in
529 3457 604 3505 aona
626 3439 808 3505 intermedia
831 3459 923 3524 quam
945 3440 978 3506 in
995 3441 1240 3525 septentrionali,
1264 3442 1318 3508 ille
1344 3442 1561 3526 pleurocarpo-

283 3565 351 3612 rum
367 3545 466 3628 major
487 3560 580 3626 quam
603 3542 634 3607 in
656 3542 860 3623 meridionali,
884 3563 957 3630 prae
979 3547 1108 3612 caeteris
1126 3546 1304 3612 Muscornm
1326 3565 1561 3630 acrocerporum

282 3632 454 3716 unnue'rum
476 3640 586 3723 fereae,
610 3647 642 3710 et
664 3663 734 3710 cum
749 3663 985 3732 aerocarporum
1001 3648 1116 3732 species
1132 3647 1226 3714 dorae
1242 3647 1492 3732 septentrionalis
1508 3649 1561 3713 vix

283 3753 346 3818 330
370 3748 536 3826 excedunt,
564 3747 697 3830 illaeque
718 3748 989 3833 pleurocarporum
1012 3769 1172 3816 numanum
1198 3752 1260 3814 140
1283 3751 1460 3835 attingrmt,
1484 3749 1561 3816 flora

282 3872 377 3922 uenae
399 3851 597 3918 intermediae
620 3851 683 3915 429
707 3870 786 3935 spec.
821 3869 1001 3937 acroearpas
1031 3855 1124 3937 atque
1154 3855 1216 3918 109
1239 3851 1454 3938 pleurocarpus
1477 3871 1562 3918 com·

282 3959 431 4044 placitur,
463 3955 519 4021 illa
546 3954 754 4021 meridionalis
787 3973 882 4022 aenae
904 3957 968 4022 280
990 3975 1170 4041 acroearpas
1193 3959 1225 4022 et
1246 3957 1462 4040 pleurocarpas
1488 3955 1560 4034 120,

281 4081 342 4146 qno
375 4061 413 4126 fit
442 4061 479 4124 nt
510 4077 564 4143 pro
594 4058 693 4142 prima
716 4060 826 4124 hamm
850 4077 995 4126 nonarum
1019 4059 1187 4126 circatio
1210 4059 1326 4142 species
1349 4059 1560 4134 numerantur,

282 4183 337 4250 pro
360 4163 492 4231 secema
519 4164 582 4229 500
614 4165 647 4228 et
674 4181 730 4247 pro
761 4163 856 4230 tertis
878 4165 943 4230 300
966 4163 1100 4248 species,
1132 4183 1188 4248 pro
1222 4165 1290 4229 tote
1325 4163 1444 4246 Europa
1478 4161 1561 4228 circs

283 4269 347 4336 760
370 4267 494 4353 species.

369 4385 547 4454 Notandum
576 4387 680 4450 tamen
712 4387 761 4452 est
781 4405 889 4452 aonam
912 4386 1126 4454 intermediam
1148 4405 1209 4452 non
1232 4385 1332 4452 solum
1356 4385 1481 4452 climate
1503 4405 1560 4454 sno

280 4493 452 4576 temperato
477 4487 665 4574 vegetationi
682 4489 862 4556 Musoorum
885 4507 977 4572 quam
1006 4489 1138 4556 maxime
1160 4489 1294 4574 propitio
1317 4508 1335 4554 a
1358 4491 1470 4554 naam
1492 4488 1561 4554 fan·

281 4599 346 4674 tam
368 4613 444 4676 esse,
468 4591 521 4660 sed
545 4593 639 4660 etiam
661 4593 795 4660 mama
817 4593 991 4660 altitudinis
1013 4595 1185 4661 variatione
1197 4593 1344 4682 jugomm
1360 4613 1437 4679 quae
1452 4613 1560 4682 super·
