3208 5214
626 319 795 380 Weisiaceue.
1305 319 1346 390 47

56 498 330 580 Cryarreoslmnunr
353 496 464 560 Hrnw.
490 495 539 578 Sp.
563 495 659 562 Musc.
684 516 738 579 pro
761 499 802 562 A.
818 505 986 582 conspecto.
1017 497 1106 563 Nuus
1128 497 1161 564 et
1183 496 1346 562 Hoanscn.

168 601 282 684 Bryol.
306 619 404 684 germ.
451 601 541 665 ann.
564 601 667 684 Bryol.
690 600 774 667 univ.
798 619 824 667 c.
849 621 877 667 a.

60 724 319 807 :tercurtcrrryr'unr
341 740 396 803 pro
419 740 464 803 sp.
488 739 568 786 omn.
591 722 695 805 Bryol.
718 742 781 788 eur.
826 723 959 789 Wllrsorl
980 723 1086 807 Bryol.
1110 722 1189 788 Brit.

63 843 215 926 proalou
241 841 278 907 C.
302 841 450 906 Muenna.

144 965 258 1031 Genus
281 963 488 1046 paradoxum,
520 964 585 1028 toto
606 963 714 1030 habitu
738 965 933 1046 plantarum,
956 965 1046 1030 modo
1068 964 1222 1032 nascendi
1244 967 1345 1030 erecto

66 1071 151 1151 atque
176 1067 421 1134 ramiticationis
444 1067 632 1134 dichotomae
654 1069 838 1153 fastigiatae
860 1089 879 1134 a
901 1068 1015 1136 muscis
1043 1069 1243 1151 acrocarpicis
1266 1069 1348 1136 haud

66 1173 312 1249 discernendum,
336 1174 369 1236 et
392 1171 473 1238 inter
495 1172 550 1237 hos
572 1172 714 1238 loliorum
737 1175 837 1239 forma
860 1176 951 1257 atque
972 1174 1110 1252 reticulo,
1132 1174 1277 1255 capsulae
1299 1171 1347 1237 in-

66 1279 127 1343 dole
148 1281 248 1360 atque
271 1277 435 1360 calyptrae
456 1276 559 1360 generi
581 1277 804 1361 annoslomo
831 1277 906 1344 adeo
928 1278 1098 1361 proximum
1122 1280 1156 1344 ut
1177 1277 1276 1360 primo
1299 1276 1347 1342 in-

67 1383 141 1448 tuitu
163 1382 298 1448 difficile
322 1381 362 1446 ab
385 1399 421 1445 eo
436 1380 684 1466 distingueretur.
714 1380 845 1447 Nullum
860 1385 1013 1449 caeterum
1031 1381 1112 1448 inter
1126 1383 1346 1463 Pleurocarpos

66 1507 156 1571 genus
182 1487 212 1552 ei
246 1485 511 1569 consanguineum
541 1485 705 1568 reperitur,
737 1487 783 1552 itu
811 1489 846 1552 ut
875 1487 985 1570 hospes
1015 1487 1139 1552 omnino
1168 1486 1346 1570 peregrinus

65 1592 140 1657 inter
161 1593 222 1658 lros
247 1589 416 1655 rideretur.
463 1591 676 1673 Anocctonpia
705 1609 766 1656 non
797 1591 855 1656 soli
886 1593 988 1658 autem
1012 1591 1086 1656 sunt
1107 1590 1204 1656 musci
1227 1589 1346 1672 pleuro-

65 1695 171 1777 carpici
195 1693 322 1770 sedem,
349 1691 418 1774 jure
439 1693 629 1758 caracterem
650 1694 855 1772 naturalium,
887 1693 969 1760 iuter
991 1695 1183 1776 Acrocarpos
1207 1695 1346 1759 tenentes

64 1819 138 1881 aque
159 1798 276 1882 regula
300 1795 468 1861 uniuersali
490 1795 708 1878 discrepantes.
749 1797 930 1879 Exemplum
960 1797 1197 1880 pulcherrimum
1223 1796 1347 1880 hujusce

63 1901 253 1986 exceptionis
275 1919 376 1985 geum
399 1899 562 1965 lissidona
585 1900 721 1983 praebet,
751 1900 836 1984 cuijus
860 1901 974 1984 species
997 1902 1112 1983 partim
1141 1901 1258 1968 tructus
1282 1903 1347 1967 ter-

65 2008 194 2072 minales
218 2003 340 2088 partim
363 2003 510 2069 axillares
532 2004 705 2086 proterunt,
735 2007 767 2070 ot
797 2005 892 2071 etiam
923 2025 1020 2090 genus
1044 2004 1236 2070 Cinclidotus
1258 2004 1344 2087 cujus

65 2111 178 2176 irmtrxs
194 2107 358 2185 axillares,
373 2106 531 2190 cladogoni
549 2109 641 2191 atque
655 2107 833 2173 terminales
847 2108 1054 2190 reperiuntur;
1078 2107 1345 2190 Mieliclrlrosem'ue

63 2215 198 2296 equidem
223 2214 294 2277 tam
317 2211 452 2293 proxime
475 2211 512 2275 ad
537 2211 698 2296 Bryacccus
719 2213 865 2278 accedunt
894 2213 929 2277 ut
959 2231 1051 2297 aegre
1078 2213 1116 2278 ab
1139 2212 1183 2277 eis
1207 2213 1342 2294 separari

63 2319 192 2398 possint,
216 2336 281 2399 qua
304 2315 423 2380 ratione
446 2333 507 2379 nou
529 2315 694 2380 absurdum
719 2315 869 2381 ridebitur
892 2315 919 2380 si
935 2317 1151 2399 Annectcnepio
1165 2313 1345 2380 Weisiuceis

61 2421 206 2506 adjungo.
237 2420 386 2486 affinitas
408 2439 477 2484 cum
501 2418 779 2486 Orthrotrichaceis
803 2419 1043 2504 (Zygoclouteis),
1066 2419 1173 2503 qrribus
1197 2417 1343 2501 Brpologi

60 2527 202 2592 nonnulli
227 2523 415 2590 recentiores
438 2522 621 2608 adjungunt,
644 2525 775 2590 maxime
797 2523 890 2589 dubia
913 2523 1045 2590 videtur.

410 2761 439 2814 1.
477 2758 752 2826 anoeocangrum
773 2763 1001 2828 compactum.

244 2880 395 2954 Gymncst.
419 2881 600 2953 compactum
624 2881 777 2938 Scutaxcu.
800 2881 899 2955 crypt.
923 2879 998 2938 helu.
1022 2879 1102 2936 (lent.
1125 2877 1165 2936 ll.

146 3013 312 3094 caespites
334 3011 442 3095 magni
464 3011 584 3093 saepius
607 3011 747 3093 profundi
770 3011 988 3089 tumescentes,
1017 3027 1144 3092 superno
1166 3008 1248 3074 laete
1270 3011 1301 3072 et
1324 3025 1341 3071 e

62 3115 143 3182 luteo
157 3135 292 3183 amoene
308 3116 431 3194 uirides,
446 3115 562 3180 interne
576 3115 750 3199 ferruginei,
766 3116 833 3198 plns
850 3114 987 3180 minusue
1001 3112 1186 3179 condensati.
1210 3111 1342 3177 Plantae

62 3223 303 3304 gracilesccntes
326 3221 449 3301 tenues,
470 3219 682 3286 semiunciules
704 3221 736 3285 et
758 3217 1039 3295 bi—triunciales‚
1068 3216 1192 3281 omnino
1214 3217 1342 3294 erectae,

63 3325 222 3410 longiores
244 3325 361 3408 pluries
383 3325 575 3392 dichotomae
598 3327 630 3390 et
652 3325 842 3409 fastigiatae.
879 3322 1001 3388 Polias
1023 3321 1089 3386 basi
1112 3319 1341 3386 innovationem

62 3429 98 3494 al
120 3433 244 3514 apicem
267 3429 382 3496 sensim
406 3430 589 3496 consertione
611 3431 643 3493 et
666 3429 793 3512 majora,
816 3447 833 3493 e
855 3427 924 3494 basi
947 3427 1048 3491 erecta
1071 3425 1109 3491 ad
1131 3425 1264 3491 medinm
1287 3444 1343 3507 pa-

62 3536 161 3601 teut'a
183 3537 221 3601 et
243 3533 354 3601 slahim
374 3535 581 3618 assurgentia,
605 3532 744 3598 siccitate
766 3532 848 3598 haud
871 3548 940 3596 raro
962 3549 1023 3594 uno
1046 3532 1135 3595 sensu
1149 3528 1272 3610 oblique
1294 3529 1343 3592 in-

59 3639 242 3706 cumbentia
263 3641 423 3721 spirasque
444 3638 562 3703 caulem
579 3637 852 3721 circumcingentes
869 3635 1045 3710 efficientia,
1067 3633 1114 3700 vel
1131 3631 1343 3716 irregulariter

59 3741 191 3810 curiata
215 3743 363 3825 apiceque
384 3741 482 3820 torta,
509 3741 681 3808 lanceolata
703 3743 734 3807 et
756 3739 1091 3824 elongato-lanceolata
1113 3739 1220 3814 acuta,
1252 3737 1340 3802 acute

59 3849 214 3914 carinatas.
237 3844 447 3910 densisissime
469 3845 664 3928 breuiterque
686 3846 846 3928 papillosa,
869 3843 1009 3928 margine
1031 3843 1147 3908 minute
1169 3841 1338 3918 crenulata,

60 3955 147 4017 rosta
168 3949 324 4016 subtereti
346 3951 378 4014 ot
399 3948 573 4015 lateraliter
594 3967 752 4032 comprosa
774 3950 863 4014 dorso
880 3946 968 4013 valde
984 3945 1174 4029 prominente
1188 3944 1243 4010 sub
1258 3943 1343 4025 apice

61 4055 198 4122 finiente.
245 4053 482 4120 Perichaetialia
503 4054 588 4120 ultra
607 4053 739 4119 medium
760 4051 1007 4136 subuaginantia,
1024 4048 1197 4132 pallidiora.
1229 4047 1342 4113 Planta

59 4161 200 4226 nnscnla
223 4158 357 4224 leminea
377 4157 541 4241 gracilior,
571 4156 737 4242 perigouiis
767 4156 926 4222 solitariis.
972 4153 1105 4237 Capsula
1135 4153 1165 4218 in
1194 4150 1342 4234 pedicello

55 4261 255 4332 semiunciali
279 4263 397 4348 pallido
419 4263 558 4329 siccitate
580 4263 773 4328 dextrorsum
804 4263 887 4326 torto
916 4261 1034 4338 erecta,
1066 4257 1210 4340 paruula,
1240 4255 1342 4336 ovata,

54 4369 205 4455 oblonga,
227 4367 308 4434 collo
331 4367 484 4433 tumidnlo
506 4367 669 4445 instructa,
691 4364 1042 4439 tenui-membranacea,
1074 4359 1188 4443 pallide
1209 4357 1341 4441 ferrugi-

52 4495 124 4552 nea,
148 4491 203 4538 ure
226 4471 293 4538 mio
316 4471 426 4538 nitido.
457 4470 598 4554 Operculi
614 4474 749 4537 rostrum
772 4467 1062 4543 tenui-subulatum,
1085 4461 1342 4537 subhoriaontale,

51 4577 218 4661 capsulam
239 4575 434 4660 longitudine
449 4595 581 4659 aequans
597 4575 645 4642 vel
662 4593 818 4659 superans.
842 4573 983 4639 Annulus
998 4569 1213 4652 perangustus.
1237 4564 1340 4648 Bryol.
1425 4565 1428 4572 '

50 4701 163 4766 europ.
188 4680 256 4748 Vol.
274 4681 300 4758 1,
324 4679 401 4745 Tab.
418 4681 472 4746 37.
607 4670 611 4676 ’
