3072 5240
504 265 652 342 bryson.
1152 266 1214 340 lul

33 443 109 512 ercule
128 446 244 514 breviter
264 447 426 532 spiculato.
470 447 689 513 Peristomium
721 447 843 530 paulum
867 445 968 512 minus
990 465 1081 530 quam
1105 446 1135 512 in
1160 447 1217 513 Br.

33 552 227 636 uteriquero,
249 571 355 636 sperae
378 554 413 618 ut
435 553 467 617 in
490 553 547 619 bac
569 552 678 636 specie.

33 691 89 752 prm
107 675 290 739 ruodomeuee
312 675 477 741 lrurcsouu
501 674 572 740 met.
618 672 651 739 O.
668 673 803 739 blomne
825 673 956 758 Synops.

33 795 89 856 pun
103 779 395 864 pseudotriquetrum
418 797 482 845 var.
505 778 689 862 cocisolium
712 778 785 845 Son.
809 777 882 862 Syn.
906 778 953 844 ed.
982 781 1008 846 l.

63 911 148 977 liubit.
174 914 244 981 locis
276 915 439 1000 uliginosis
463 905 557 998 prope
580 915 769 981 Necdumum
793 915 986 1000 (lnzrcsosn)
1009 917 1041 979 et
1063 935 1110 998 pr.
1135 916 1220 981 Betr-

33 1015 289 1096 llelleomarcbiee,
312 1019 364 1084 ubi
380 1039 538 1086 commune
560 1019 705 1102 (corna),
727 1018 758 1083 in
782 1018 872 1084 dunis
894 1019 1012 1085 insulae
1031 1019 1121 1085 Tenet
1137 1019 1220 1100 (Vsu

33 1120 138 1186 rSouoe
159 1139 191 1187 m
206 1123 328 1208 Cossu),
352 1144 397 1207 pr.
416 1125 572 1191 Holmium
588 1125 787 1206 (brennone),
810 1143 855 1206 pr.
873 1124 1033 1190 Gevaliam
1049 1125 1095 1208 (O.
1112 1125 1218 1191 Heer-

33 1229 61 1308 κ),
80 1225 131 1308 ipse
150 1229 236 1294 semel
259 1249 305 1312 pr.
323 1232 565 1314 Argentoratum
589 1233 621 1294 et
643 1229 849 1312 copiosissime
874 1229 925 1294 sed
948 1231 1053 1295 sterile
1077 1231 1107 1296 in
1130 1231 1220 1298 drinio

33 1347 64 1409 pe
79 1331 235 1416 Seulbpert,
257 1333 309 1398 ubi
332 1335 498 1400 recentiore
521 1339 659 1416 tempore
674 1335 761 1400 amic.
786 1333 841 1399 Dr.
859 1333 957 1399 Woou
973 1335 1097 1418 pulchre
1114 1335 1222 1402 tructi-

33 1451 65 1496 us
87 1435 203 1514 invenit,
233 1439 402 1504 observavi.
449 1439 493 1503 Ex
524 1439 624 1504 insule
648 1439 849 1524 Spilzberpeo
879 1439 952 1506 clar.
976 1439 1221 1508 Nononusnrbcu

33 1537 83 1604 ulit.

60 1659 148 1727 From.
169 1673 281 1730 rumrrr.
307 1667 437 1732 aestate.
483 1665 615 1732 Frrrctus
638 1664 737 1730 rarius
760 1667 929 1732 occurrunt.

61 1788 143 1850 lliliort
162 1811 178 1852 a
200 1794 251 1853 Bc.
271 1797 526 1873 praecomposito
549 1795 702 1870 graciliete
726 1794 910 1869 plantarum,
944 1797 1022 1856 foliis
1045 1798 1223 1862 mollioribus
1269 1789 1271 1796 ’

33 1873 92 1934 itale
116 1882 261 1952 tortuosis,
295 1883 469 1957 praeprimis
499 1882 556 1941 illis
584 1882 751 1956 plantarum
775 1883 915 1942 sterilium
940 1883 1109 1958 elatiorem,
1140 1888 1223 1946 valde

33 1964 95 2020 crus
115 1969 258 2028 cucullatis
287 1970 336 2028 vel
367 1969 667 2040 cochlearisormibvm,
691 1969 818 2029 breviter
848 1973 877 2028 et
907 1971 1012 2030 mutice
1041 1973 1225 2046 acuminatis,

33 2065 44 2104 s
71 2055 210 2115 conalibus
237 2058 342 2118 mediis
376 2060 406 2115 et
433 2057 556 2116 internis
584 2059 666 2116 costa
697 2058 852 2116 excedente
879 2059 1008 2118 breviter
1036 2063 1227 2134 mucronatis,

33 2136 92 2208 igine
111 2143 180 2202 bend
203 2145 327 2216 reflexis,
351 2145 472 2220 capsula
495 2145 625 2205 breviore
649 2145 789 2203 crassiore
814 2146 939 2220 aequali.

351 2375 402 2430 68.
433 2373 565 2442 Ervum
587 2373 814 2431 tur-bimatum.

336 2497 447 2555 binium
469 2497 610 2556 turbinat.
634 2497 737 2554 Hecu.
761 2498 842 2570 Spec.

54 2617 190 2705 Ceespites
213 2626 283 2710 plus
306 2626 409 2692 miuus
432 2625 629 2706 condensati,
663 2627 779 2694 inferne
809 2628 985 2711 plerumque
1008 2630 1091 2696 terra
1113 2630 1225 2711 olruti,

33 2717 79 2784 lile
98 2727 200 2794 virides
224 2732 272 2797 vel
295 2751 312 2798 e
330 2730 420 2796 viridi
436 2731 630 2798 ruleseentes.
664 2730 769 2796 Gauiis
785 2730 921 2810 humilis,
945 2751 1012 2798 cum
1030 2733 1226 2801 innovatione

43 2832 198 2902 entimetro
219 2835 330 2912 altius,
356 2837 416 2902 suis
439 2836 515 2904 locis
539 2838 668 2904 ramulis
691 2836 834 2903 tenuibus
857 2836 927 2918 plus
951 2837 1050 2904 minus
1073 2839 1226 2924 elongatis

33 2929 99 2998 loliis
118 2937 292 3007 instructus.
342 2939 426 3006 Folia
451 2941 594 3008 interiore
616 2943 708 3008 ovata
729 2941 861 3007 breviter
876 2941 1060 3020 acuminata,
1083 2961 1226 3023 concere,

33 3037 107 3104 onera
128 3043 237 3109 sensim
268 3043 389 3128 majora
411 3044 442 3110 in
465 3064 583 3112 comem
608 3045 855 3112 fructificationis
884 3047 1019 3129 tempore
1054 3047 1135 3114 baud
1158 3066 1227 3113 raro

33 3139 110 3208 retine
124 3147 392 3215 semidestruetam
409 3150 554 3229 conferta,
578 3149 828 3235 oblongo-ovete,
852 3149 999 3234 oblongo·
1020 3153 1053 3216 et
1067 3150 1228 3235 elongato·

33 3247 131 3328 aelam,
153 3253 238 3335 apice
260 3253 402 3320 obsolute
424 3257 553 3333 semela,
576 3255 714 3339 margine
737 3253 955 3338 augustissime
978 3253 1117 3333 lineato,
1140 3253 1228 3320 basin

33 3365 66 3412 tus
85 3352 117 3417 avl
138 3355 285 3422 interiore
310 3359 378 3423 tola
400 3357 464 3424 fere
486 3358 677 3442 longitndine
700 3357 829 3434 reflexo,
861 3358 949 3424 costa
982 3358 1083 3426 valida
1113 3358 1229 3425 lusces-

33 3455 108 3520 level
129 3461 195 3526 uria
217 3462 249 3526 iu
274 3478 454 3527 mucronem
476 3463 650 3542 excedente,
674 3463 733 3529 reti
755 3462 948 3530 mediocriter
962 3464 1105 3548 angusto.
1137 3463 1229 3530 Plan·

42 3561 171 3630 ormenae
194 3563 388 3649 caespitulos
418 3567 558 3648 proprios
582 3567 778 3634 efformentes
800 3567 848 3632 vel
872 3565 1010 3634 femineis
1033 3567 1230 3634 intermixtae

33 3667 95 3730 rubes
116 3667 160 3734 his
182 3670 383 3754 graciliores
409 3670 580 3754 simplicem
612 3672 802 3756 perigenium
825 3671 856 3736 in
880 3689 965 3736 coma
989 3672 1107 3754 patenti
1130 3672 1230 3758 oligo·

33 3763 64 3832 lla
76 3791 213 3854 crossum,
236 3775 496 3852 subdiscoideum,
520 3776 593 3843 folia
609 3774 809 3861 porigonialia
825 3779 947 3841 externa
963 3795 979 3842 e
995 3775 1061 3842 basi
1077 3775 1143 3842 lata
1158 3795 1231 3843 een·

33 3873 232 3959 tlauceolula,
257 3881 423 3963 sequeutia
447 3881 545 3946 multo
568 3881 686 3946 minora
710 3879 927 3947 subcircularia
951 3878 1051 3946 subito
1073 3881 1230 3964 apiculetn

33 3973 86 4043 lete
100 3983 142 4048 vel
159 3984 237 4052 baud
254 3985 392 4064 costato,
414 3984 524 4050 intima
540 3982 810 4050 ovato-circularia
827 3982 942 4050 mntioe
957 3985 1104 4062 mosea,
1128 3984 1231 4051 omniu

33 4085 135 4160 uxo,
166 4089 348 4156 antheridia
380 4091 412 4154 et
444 4089 630 4174 parapbyses
664 4088 832 4154 innumera.
878 4086 1029 4172 Vaginula
1052 4088 1232 4172 cylindricn,

33 4191 137 4270 regeniis
171 4195 329 4263 abortivis
362 4195 466 4277 paucis
495 4197 527 4260 et
556 4194 778 4279 parapbysibns
810 4193 887 4260 raris
918 4192 964 4258 vel
996 4193 1092 4258 trullis
1120 4196 1230 4262 obsita.

33 4291 86 4360 sola
105 4297 133 4362 in
154 4301 303 4384 mdioello
329 4298 456 4366 centim.
485 4300 607 4376 l'lr—-l
630 4299 777 4366 metiente
801 4296 949 4381 pendula,
981 4317 1049 4363 cnm
1076 4299 1155 4365 oollo
1178 4299 1232 4364 olv-

33 4415 61 4460 ro
79 4405 232 4490 eporanglo
255 4401 445 4488 aequilongo
468 4421 570 4468 crasse
604 4402 787 4486 piritormis‚
820 4401 899 4468 sicca
928 4400 984 4466 sub
1017 4421 1068 4466 ore
1100 4400 1231 4467 dilatato

35 4504 151 4588 leolam,
173 4509 370 4594 ferruginem
394 4507 570 4590 operculum
585 4526 761 4587 convexum,
785 4508 919 4574 breviter
938 4505 1136 4588 apiculatum,
1159 4523 1231 4587 oap-

33 4613 193 4696 econoolor,
214 4613 366 4680 nitidum.
399 4610 618 4678 Peristomium
635 4631 800 4700 moguum3
823 4609 1136 4689 denteslulesoentes,
1158 4625 1231 4694 pro·
