3182 5252
562 378 752 436 Audemu-
1229 382 1290 448 811

28 560 204 620 tenuioribus
225 560 406 637 longioribus
438 561 692 634 decumbentibus,
723 564 833 623 minute
864 565 894 623 et
923 565 1032 623 remote
1060 563 1187 634 foliosis,
1217 563 1294 624 loliis

46 648 182 706 conalibus
210 651 240 706 et
273 648 529 724 perichaetialibns
560 649 742 710 brevioribus
772 649 942 726 latioribus,
975 651 1296 727 oblongo-lanceolatis,

44 737 110 792 costa
129 753 192 794 cnm
214 736 260 794 vel
275 737 329 795 sub
352 737 433 810 apice
456 736 591 808 evanida,
613 736 659 796 vel
681 738 871 813 longioribus,
893 739 1120 814 angustioribus,
1141 739 1295 811 subulatis,

44 825 110 881 costa
130 841 214 898 saepe
237 823 266 882 in
290 824 436 898 cuspidem
459 824 623 884 excedente.

548 1056 674 1156 0rdo
704 1059 767 1155 11.

481 1223 834 1345 Schizocarpac.

110 1422 244 1506 Capsula
265 1425 298 1489 in
320 1424 521 1506 pseudopedio
545 1424 636 1501 elata,
659 1424 791 1490 valvulis
814 1424 980 1490 dehiscens

569 1613 768 1713 Tribus.¹

451 1750 858 1836 ludrctuoeae.

107 1909 318 1976 Prothallium
342 1911 473 1995 anguste
495 1910 643 1988 lotatum,
665 1909 805 1994 margine
826 1909 978 1977 radiculas
994 1910 1125 1992 pallidas
1140 1912 1295 1992 emittens,

28 2017 179 2083 substrato
202 2017 288 2082 arete
310 2018 498 2098 adpressum.
528 2017 659 2082 Plantae
681 2017 833 2099 perlectae
847 2017 966 2083 erectae
981 2016 1028 2082 rel
1044 2016 1202 2096 demissae,
1226 2018 1293 2082 sola

28 2119 85 2186 tasi
107 2121 296 2201 radicantes,
319 2121 405 2187 caule
428 2120 535 2200 sohdo‚
559 2121 614 2184 sub
636 2120 721 2203 apice
735 2119 868 2186 florifero
883 2120 1057 2198 innovante,
1082 2121 1205 2186 tandem
1227 2121 1296 2203 pln-

28 2227 76 2291 ies
98 2226 275 2293 dichotome
290 2245 420 2305 ramoso,
443 2225 595 2308 pulvillos,
618 2243 688 2290 raro
712 2226 861 2309 caespites
883 2226 983 2291 colore
1006 2225 1101 2304 hisco,
1123 2225 1296 2311 nigricante

28 2331 64 2394 el
85 2331 196 2415 nigro,
224 2329 365 2395 siccitate
394 2329 553 2413 rigiditate
582 2330 615 2394 et
636 2328 806 2412 fragilitate
828 2328 964 2414 insignes
988 2329 1165 2396 formantes.
1209 2331 1297 2397 Folia

28 2433 168 2515 pinque-
193 2433 225 2498 et
240 2432 398 2512 octofaria,
422 2433 549 2516 nudique
569 2433 709 2515 patentia
725 2434 774 2498 vel
789 2431 1060 2514 falcato-secunda,
1083 2435 1296 2516 crassiuserda,

28 2539 157 2603 eostata
182 2537 231 2603 vel
253 2539 384 2617 costata,
406 2538 584 2618 plerumque
606 2537 695 2602 valde
717 2536 868 2619 pupillosa
890 2539 939 2604 sel
961 2541 1172 2619 verruculosa,
1195 2541 1296 2606 solum

28 2645 84 2708 nte
108 2643 281 2726 perlectam
303 2642 506 2709 evolutionem
528 2642 786 2726 chlorophyllosa
810 2643 908 2708 serius
923 2643 1199 2728 achlorophyllosa,
1222 2663 1296 2728 eque

28 2747 136 2813 ollulis
163 2747 303 2814 saturato
326 2746 437 2827 bissis,
459 2747 499 2811 ad
521 2748 640 2828 partem
663 2747 848 2827 superiorem
870 2747 1233 2833 rotundato-hexagonis,
1257 2749 1296 2816 ad

28 2853 99 2916 asin
124 2851 200 2935 plus
222 2851 324 2917 minus
346 2852 436 2936 longe
459 2849 645 2934 rectangulis
668 2853 700 2915 et
723 2851 880 2934 quadratis
912 2855 1098 2935 composita,
1128 2855 1295 2937 parietibus

28 2957 84 3024 deo
110 2957 300 3023 incrassatis
323 2959 360 3022 ut
381 2957 501 3023 areolae
524 2955 696 3038 superiores
718 2955 951 3038 punctitormes,
983 2957 1066 3023 basis
1089 2957 1296 3026 sinuoso-ver-

28 3063 194 3140 ticulares,
216 3063 252 3126 ut
274 3061 539 3138 indiscernibile,
562 3060 732 3125 videantur.
777 3060 882 3125 Flores
904 3060 1063 3144 utriusque
1085 3081 1172 3128 sexus
1187 3063 1296 3129 termi-

28 3169 108 3246 aleS,
135 3165 269 3232 monoici
291 3165 340 3231 uel
362 3165 469 3241 dicici3
502 3164 632 3230 maseuli
654 3164 829 3245 plantarum
851 3162 1016 3230 dioicarum
1040 3165 1073 3228 in
1094 3166 1295 3232 innovationi-

28 3293 59 3338 us
76 3269 223 3356 propriis
239 3269 373 3346 secundi3
398 3269 523 3352 utrique
539 3268 776 3352 gemmiformes.
807 3267 991 3334 Autberidia
1005 3288 1128 3354 magna,
1152 3271 1294 3356 oblonga,

28 3375 244 3461 araphysibus
267 3393 356 3456 saepe
378 3373 547 3439 numerosis
570 3370 837 3450 breviarticulatis,
862 3370 1074 3453 filiformibns,
1097 3375 1294 3453 subelavatis,

28 3478 285 3564 rbspatbulatis,
308 3477 358 3544 hic
379 3478 446 3560 illic
468 3496 557 3560 parce
579 3477 721 3542 ramosis.
765 3476 958 3560 Archegonia
980 3496 1092 3558 pauca,
1115 3478 1295 3563 brovistyla,

28 3583 246 3667 traphysibus
269 3581 363 3646 nullis
386 3582 435 3646 vel
453 3579 603 3646 brevibus.
635 3579 782 3664 Oalyptra
804 3579 1033 3660 mitraeformis,
1058 3582 1127 3648 basi
1141 3583 1293 3668 irregula-

28 3693 81 3754 ter
108 3684 343 3764 circumscissa,
366 3685 508 3766 capsulae
530 3685 612 3750 arcte
636 3683 813 3762 adhaerens,
835 3685 999 3766 pertenuis,
1022 3686 1134 3752 albida.
1160 3687 1294 3770 Capsula

28 3812 102 3875 tque
132 3791 177 3856 ad
199 3789 411 3854 maturitatem
434 3789 619 3872 perlectam,
651 3790 686 3851 ut
708 3787 740 3852 iu
764 3787 939 3872 spiraque,
974 3790 1159 3871 periehaetio
1182 3811 1294 3876 magno

28 3915 177 3975 rmersa,
199 3895 233 3959 in
255 3893 400 3977 vaginula
422 3893 509 3958 brevi
532 3894 635 3958 erecte
658 3891 785 3970 sessilis,
808 3893 925 3973 postea,
949 3893 1178 3978 prolongatione
1193 3915 1295 3978 recep·

30 4003 108 4070 culi
137 4001 174 4066 in
195 3998 401 4083 pseudepodio
424 3998 510 4064 molli
531 3997 632 4063 albido
655 3999 789 4076 exserta,
820 3999 852 4061 et
881 3997 920 4062 ad
951 3999 1089 4080 sperulas
1110 3999 1294 4066 emittendas

28 4107 154 4176 ‚lvulis
176 4105 318 4186 quatuar,
340 4123 409 4168 raro
432 4121 495 4181 ser,
518 4101 696 4184 aequalibus
719 4119 812 4184 usqne
836 4101 874 4166 ad
889 4104 1009 4184 partem
1025 4103 1188 4170 basilurem
1202 4073 1295 4185 phili-

28 4235 70 4280 .m
93 4209 223 4276 collum
237 4208 413 4287 mentiente,
436 4207 521 4289 apice
535 4205 765 4272 cohaerentibus
781 4207 955 4282 dehiscens3
978 4207 1074 4273 oculis
1091 4208 1139 4274 vel
1155 4209 1293 4292 oblonga,

28 4317 136 4384 iculo
163 4313 404 4396 quadrangulari
426 4310 608 4394 terminata,
630 4311 715 4393 apice
737 4311 768 4375 et
790 4310 856 4376 basi
878 4311 1021 4376 mollibus
1042 4311 1167 4392 pallidis
1190 4329 1295 4394 excep-

28 4447 44 4502 ι,
76 4417 205 4497 solida,
228 4417 324 4482 nitide
346 4418 426 4494 atra,
450 4435 466 4480 e
488 4414 668 4480 cellularum
690 4415 799 4481 stratis
823 4415 950 4498 quinque
975 4415 1144 4494 efformata,
1167 4435 1293 4499 quorum

28 4527 156 4594 terius
179 4543 196 4588 e
217 4521 339 4588 cellulis
361 4520 530 4603 mej0ribus
553 4519 683 4585 maxime
706 4519 883 4584 incrassatis
915 4517 1135 4601 compositum
1167 4539 1294 4603 sperau-

28 4652 86 4698 rm
118 4649 144 4694 e
168 4625 289 4691 cellulis
311 4623 481 4690 minoribus
504 4621 706 4705 compositum
736 4623 789 4688 sed
817 4623 897 4688 houd
919 4641 938 4687 a
961 4622 1069 4688 stratis
1091 4622 1199 4689 vicinis
1221 4645 1295 4708 cap-

28 4739 87 4802 tae
119 4731 162 4796 et
183 4729 367 4796 columellae
388 4727 537 4807 solutum,
560 4726 740 4792 columellae
762 4726 900 4810 digitalis
923 4726 962 4791 ad
983 4725 1082 4792 instar
1103 4725 1292 4811 impositum,
