3402 5234
692 291 854 350 Pottlaceae
1347 291 1413 361 233

222 471 393 548 Caespitnm
416 473 581 534 densiorem
604 474 682 536 color
704 493 738 536 ex
760 475 888 538 olivaceo
911 477 1074 548 rufescens,
1103 476 1272 552 plantarum
1299 474 1412 536 foliatio

132 559 264 630 densior,
287 560 421 622 foliorum
443 561 551 632 forma,
577 563 656 623 color
676 565 836 636 olivaceus,
865 569 947 624 costa
969 565 1084 624 rubella
1107 565 1194 639 atque
1217 563 1294 638 pilos
1316 563 1412 624 minus

133 647 284 719 birsntos,
311 649 396 708 flores
420 649 597 721 biscxualos,
626 651 747 725 capsula
769 651 897 728 longior,
925 653 1094 729 augustior,
1117 651 1250 720 solidior,
1282 653 1412 722 arcuata,

131 735 259 809 speciem
283 735 384 795 exindo
408 753 425 796 a
447 738 639 811 praecedente
663 738 859 814 distinguunt.

530 938 668 1004 Genus
690 939 879 1006 incertae
899 939 1017 1005 sedis.

675 1079 914 1159 deheebia.

469 1224 599 1283 Barbula
622 1225 704 1282 Fons
727 1243 750 1283 e.
775 1241 801 1284 a.
846 1224 986 1284 Grimrnia
1009 1226 1076 1285 Son.

219 1353 355 1420 Habitus
389 1373 531 1438 procerus
562 1353 859 1420 trichostomoideus.
904 1355 1036 1421 Plantae
1067 1354 1169 1420 elatae
1196 1352 1412 1436 caespitantes,

130 1457 289 1543 simplices
312 1459 360 1526 vel
384 1459 656 1541 bi-tripartitae,
687 1459 879 1525 uniformiter
908 1458 1046 1526 foliosac.
1092 1459 1179 1525 solia
1202 1458 1411 1537 solidiusouls,

129 1563 226 1629 deuse
248 1565 404 1648 congesta,
427 1563 555 1629 humida
578 1563 834 1645 recuruopatula,
858 1583 894 1629 ex
916 1563 1048 1648 oblongo
1075 1563 1257 1641 lanceolata,
1281 1562 1412 1640 cosmta

129 1668 349 1746 verruculosa,
380 1667 473 1734 dense
506 1669 606 1744 texta3
640 1667 751 1734 areolis
773 1667 895 1734 reticuli
919 1668 1084 1751 superioris
1107 1668 1244 1752 parvulis
1264 1666 1412 1750 profunde

130 1769 277 1854 sinmsis,
300 1772 483 1840 basilaribus
505 1771 673 1839 linearibus
695 1773 764 1856 plus
787 1772 889 1838 minus
912 1771 1053 1838 sinuosis.

218 1893 397 1960 blascorum
426 1911 657 1978 acrooarporom
685 1893 778 1978 typus
808 1894 965 1978 proprius,
995 1894 1066 1960 binc
1096 1895 1135 1961 ad
1162 1893 1410 1960 Tricboelomeos

129 1997 219 2064 illinc
241 1997 280 2064 ad
304 1998 536 2064 camaracam
558 1997 717 2078 eamdem,
749 1997 781 2063 in
808 1999 955 2066 bonorem
978 1998 1210 2084 diligentissimi
1231 1999 1264 2065 et
1293 1997 1408 2064 acutis·

133 2101 206 2168 sind
230 2099 380 2188 Bryologi
404 2103 442 2168 A.
466 2102 596 2170 Gaanna
618 2101 843 2169 denominatus.

543 2300 717 2358 Gsbeebis
740 2304 1001 2364 cataractarum.

437 2404 576 2465 Grimmia
600 2407 743 2484 gigantea
766 2408 833 2468 Sca.
856 2409 979 2485 Synops.
1004 2411 1048 2471 ed.
1067 2410 1094 2468 1.

217 2535 376 2619 Caespites
399 2535 519 2622 magni,
543 2539 768 2618 tumescentes,
791 2539 1022 2620 fusco-virides,
1045 2541 1116 2608 sicci
1140 2541 1336 2618 rufescentos,
1360 2539 1409 2604 in-

128 2641 213 2708 ferne
235 2641 323 2718 fusci,
346 2641 490 2708 radiculis
513 2643 608 2709 nullis
631 2643 800 2710 intertexti.
847 2643 949 2710 Caulis
971 2649 1111 2724 erectus,
1135 2645 1284 2728 simplex,
1307 2642 1408 2709 rarius

127 2745 394 2830 bi-tripartitus‚
417 2745 660 2828 3—8-uucialis,
682 2749 774 2816 dense
796 2751 829 2816 et
851 2750 1047 2816 uniformiter
1061 2751 1196 2830 foliosus,
1219 2769 1309 2834 parce
1325 2745 1409 2814 radi-

126 2869 213 2917 oons.
259 2849 349 2914 Folia
370 2850 495 2917 humida
518 2852 780 2935 recurvo-patula,
804 2853 884 2919 sicca
907 2854 991 2922 torta
1014 2855 1046 2920 et
1068 2855 1271 2937 subcrispata,
1294 2872 1330 2919 ex
1353 2851 1408 2918 ob·

126 2957 222 3040 longo
245 2956 591 3041 elongato-lanceolata,
615 2958 682 3024 bosi
697 2959 762 3024 lato
778 2977 910 3025 concava
925 2978 1031 3025 versus
1047 2959 1219 3044 marginem
1235 2957 1408 3041 explanata,

126 3061 239 3126 dehinc
261 3063 393 3146 anguste
414 3061 554 3127 carinuta
577 3063 715 3147 margine
737 3064 849 3142 erecto,
871 3064 1000 3146 utraque
1022 3064 1099 3130 facie
1113 3062 1325 3148 irregulariter
1340 3079 1409 3126 ver·

125 3166 285 3242 ruculosa3
308 3167 393 3232 costa
408 3165 525 3231 inferne
541 3167 676 3251 angusta
698 3167 934 3247 subsemitereti,
950 3186 1077 3250 superne
1092 3168 1158 3252 ipso
1172 3167 1245 3232 folio
1261 3165 1311 3231 uir
1326 3183 1410 3231 oras·

126 3271 210 3336 siore
233 3269 323 3336 dorso
346 3269 512 3352 inaequali;
544 3269 619 3336 retis
652 3270 747 3336 validi
776 3271 887 3338 areolis
911 3271 1115 3354 superioribus
1139 3269 1282 3355 angustis
1305 3271 1410 3334 trans·

126 3373 227 3441 versis
250 3373 299 3439 vel
322 3373 534 3457 irregulariter
557 3374 736 3453 stellulatis,
758 3374 953 3440 inferioribus
976 3375 1141 3441 linearibus
1165 3371 1254 3439 valde
1269 3371 1410 3449 sinuosis,

124 3479 180 3546 bio
201 3477 269 3545 illic
291 3476 372 3543 inter
394 3496 428 3543 so
450 3478 693 3544 cohaerentibus.
739 3478 845 3544 Floras
869 3480 901 3546 et
923 3479 1042 3546 fructus
1064 3478 1174 3563 ignoti.

127 3599 277 3668 Barbrdo
297 3601 446 3686 giganteo
469 3601 559 3664 Fons
581 3599 612 3664 in
635 3599 737 3665 sched.

128 3706 277 3772 Barbula
299 3725 474 3792 squarrooa
499 3705 616 3789 (Baro.)
639 3704 777 3770 nonnuli.
801 3703 832 3770 in
856 3705 956 3771 achad.

131 3811 267 3878 Tmou
288 3812 420 3876 vineolis
443 3829 508 3876 var.
530 3810 677 3896 glacialis
699 3810 736 3874 R.
761 3809 883 3876 Sraucr
906 3809 1004 3876 Musc.
1029 3828 1133 3894 pyren.
1157 3809 1215 3874 No.
1235 3808 1307 3874 185.

218 3931 327 3998 Habet.
358 3931 390 3996 in
419 3931 533 4014 alpinis
563 3931 603 3997 ad
625 3949 715 4013 rupes
740 3932 889 3998 irroratus
912 3931 1093 4014 praeprimis
1116 3949 1204 3998 secus
1235 3930 1411 3996 cataractas

127 4059 185 4124 per
207 4039 308 4104 totum
329 4035 439 4121 jugum
462 4035 598 4119 Alpium,
621 4037 849 4122 Pyrenaeorum
872 4036 1058 4125 contralium
1081 4037 1131 4102 sat
1153 4035 1287 4117 copiose,
1310 4035 1410 4101 rarius

127 4145 159 4210 in
183 4143 304 4210 Scotto:
337 4143 375 4209 ad
400 4142 575 4208 cataractas
598 4161 643 4226 pr.
669 4143 796 4227 Gallinp
818 4145 850 4208 et
873 4143 1121 4228 Redscbctteolpe
1153 4141 1255 4226 (Fons
1278 4144 1311 4206 et
1332 4139 1410 4223 ipss)

128 4249 168 4314 ad
187 4246 428 4312 coemiteriis
442 4245 621 4313 Corinthiae
643 4245 741 4330 (Com.
757 4247 795 4312 R.
813 4264 852 4310 ns
863 4245 1157 4332 Sonus-Lenaeos),
1181 4243 1410 4310 Krimmeoll

129 4351 321 4438 Pinogoviae
344 4350 479 4434 (sinere
510 4351 542 4416 et
571 4351 663 4434 ipse),
691 4350 722 4415 iu
745 4350 870 4432 rupibus
892 4350 1012 4435 frigidis
1036 4369 1116 4434 aqua
1149 4349 1244 4414 nivali
1273 4347 1411 4433 irrigatis

128 4457 224 4524 vallis
247 4453 369 4540 alpinae
392 4455 571 4542 Esquterry
592 4455 695 4522 dictae
716 4455 944 4539 Pyrenaeorum
966 4455 1017 4539 (R.
1035 4453 1179 4538 Soanos),
1202 4449 1411 4536 copiosissime

128 4562 193 4628 vidi
216 4561 256 4628 ad
280 4559 465 4626 Pisaeoacbc
486 4558 640 4626 Valesiae.

218 4673 357 4734 Plantam
385 4672 463 4732 banc
494 4671 736 4748 speciosissimam
759 4672 796 4732 ob
823 4670 956 4732 foliorum
978 4672 1039 4731 rete
1062 4670 1100 4731 ad
1123 4669 1284 4730 Grtmmios
1313 4667 1410 4728 rotuli.
