3128 5254
523 351 692 428 Hurm-
793 389 799 398 -
1184 357 1246 425 rra

96 529 244 614 fililormis,
265 551 354 617 perce
377 551 528 599 ramosus.
559 532 647 599 Folia
661 531 781 612 dissita,
803 530 973 614 pertenuis,
995 533 1127 616 anguste
1141 533 1248 599 ovato-

95 637 261 717 lauceolata,
284 637 353 722 plns
375 637 475 702 minus
498 637 590 720 longe
611 635 957 704 subulam-acuminata.
1002 637 1134 704 Fructus
1158 637 1247 704 nulli.

75 757 170 822 liubit
192 757 231 822 ad
253 775 336 836 saxa,
359 757 447 840 ligna
469 755 672 839 semiputrida
686 755 822 836 humida,
845 757 877 822 iu
892 756 1050 822 arboribus
1066 758 1248 840 campestri-

23 880 51 924 us
67 865 213 946 praecipue
235 861 388 930 salicibus
410 859 570 945 putredine
591 861 758 940 excavatis,
782 861 820 927 ad
843 861 1083 944 aquaeductuum
1115 861 1249 944 parietes

24 984 112 1048 gnsos,
143 967 181 1034 ad
201 969 317 1034 terram
339 966 520 1033 inundatam
542 965 705 1046 limosam,
727 985 781 1050 per
803 967 903 1032 totam
925 965 1080 1050 Europam
1101 986 1196 1050 usque
1218 967 1249 1033 in

23 1070 140 1149 roticam3
163 1079 262 1152 raud
285 1075 317 1139 et
338 1097 356 1156 y
378 1072 410 1136 in
433 1071 625 1148 siccioribus;
648 1090 714 1137 rar.
738 1076 757 1137 d
779 1071 817 1136 ad
840 1071 984 1138 arborum
1007 1071 1124 1137 radices
1147 1073 1250 1138 bumi-

23 1192 52 1251 rs,
70 1194 127 1241 rar.
142 1203 156 1244 s
170 1179 203 1243 in
218 1177 301 1254 udis,
325 1189 425 1258 vaur
445 1177 477 1240 iu
499 1176 598 1259 pratis
620 1177 802 1261 uliginosis3
824 1193 924 1262 vacrp
947 1175 979 1240 in
1001 1175 1136 1242 humidis
1159 1195 1249 1260 prae-

23 1295 69 1358 puc
87 1279 121 1346 ad
142 1280 228 1366 ligna
251 1276 397 1357 robusta;
420 1299 485 1346 aar.
509 1289 537 1347 rr
559 1279 591 1346 in
614 1281 701 1363 aquis
725 1279 949 1365 stagnantibus.

68 1383 168 1451 aruc.
191 1395 308 1451 matur.
331 1385 434 1452 iunio.
1217 1469 1218 1476 ἵ

64 1513 153 1588 Stirps
175 1517 300 1576 maxime
323 1515 452 1586 varians,
473 1515 503 1574 in
526 1515 696 1574 siccioribus
719 1513 834 1574 brevior
849 1513 1007 1585 robustior,
1030 1513 1060 1572 in
1077 1513 1203 1573 humidis
1219 1515 1248 1574 et

23 1601 91 1670 ,cosm
123 1602 195 1663 mire
217 1603 369 1662 luxurians
391 1602 469 1662 loliis
492 1603 625 1662 saturata
647 1602 792 1660 viridibus
815 1601 931 1676 opacis,
965 1601 1065 1660 formis
1088 1601 1247 1660 minoribus

40 1692 159 1764 sopora
180 1707 244 1750 sese
268 1690 485 1766 approximans,
507 1689 666 1764 majoribus
689 1687 768 1766 Hyp.
791 1688 946 1764 cordisclio
969 1688 1017 1747 vol
1038 1688 1177 1763 finienti.

282 1902 331 1958 1¹1.
360 1899 643 1968 Amblystsgium
666 1898 934 1968 lepropbyumn.

168 2023 237 2082 Sca.
259 2021 365 2082 Bullet.
389 2023 451 2082 Soc.
474 2024 535 2083 bot.
558 2022 593 2082 de
615 2023 725 2082 Franco
749 2022 804 2081 vol.
827 2022 906 2094 XIV,
928 2038 956 2096 p.
973 2021 1045 2080 260.

55 2151 253 2233 Monoicum,
275 2154 426 2238 caespites
448 2155 598 2220 demissos
621 2153 736 2238 pallide
757 2153 870 2220 virides
894 2152 943 2219 vel
966 2154 1152 2220 lucescentes
1176 2153 1248 2218 sub·

23 2251 78 2320 idos
101 2257 278 2324 efformaus.
321 2258 409 2324 Folia
431 2259 509 2326 'satis
532 2259 689 2336 conferta,
720 2257 878 2341 patentia,
910 2277 946 2324 er
969 2256 1247 2325 ovato-lanceclsto

23 2359 275 2443 percunctata,
298 2381 439 2442 concava,
462 2363 672 2448 integerrima,
696 2363 811 2444 mollia,
835 2365 941 2430 aetate
955 2363 1149 2442 latescentia,
1172 2383 1248 2447 aug-

23 2464 102 2530 ntala
126 2465 276 2550 hyalino,
305 2467 382 2533 retis
403 2467 569 2535 laxiuscnle
591 2466 956 2553 hexagono-rhomboidei
978 2467 1090 2535 areclis
1111 2466 1250 2553 lougius·

23 2567 51 2646 is,
72 2571 112 2636 ad
135 2571 230 2637 basin
251 2572 449 2652 brevioribus,
472 2573 652 2652 latioribus,
675 2572 790 2652 luteis,
825 2573 865 2640 ad
885 2572 1015 2658 angulos
1038 2572 1103 2640 late
1125 2591 1249 2640 excava-

42 2674 259 2740 oommissnris
280 2675 444 2742 latioribus
466 2677 618 2743 aurantiis
641 2677 1018 2762 hexagonorectsugulis;
1049 2677 1136 2742 costa
1165 2675 1250 2742 tenui

23 2774 87 2842 lum
112 2797 213 2862 snpra
233 2779 369 2845 medinm
392 2780 531 2847 evanida.
562 2781 667 2847 Floras
684 2782 813 2846 masculi
828 2781 951 2861 minuti,
973 2783 1104 2866 anguste
1116 2779 1249 2866 gemmi-

23 2899 81 2960 nes,
105 2883 294 2949 antberidiis
315 2885 452 2967 parvulis
473 2885 509 2950 ut
532 2886 563 2951 et
585 2885 808 2970 pamphysibus
831 2885 954 2968 paucis,
976 2883 1100 2969 singulo
1122 2884 1172 2951 rel
1202 2883 1250 2949 bi-

23 2987 103 3051 oad
133 2987 247 3071 pedem
278 2987 364 3054 floris
393 2988 516 3055 feminei
540 2989 634 3072 triplo
656 2989 814 3075 longioris.
859 2988 1086 3056 Pericbaotium
1108 2987 1247 3072 longum,

23 3089 82 3154 »liis
105 3090 318 3174 compositum
341 3092 545 3172 tenuissimis,
567 3093 728 3173 decoloris,
752 3094 802 3159 sat
816 3093 881 3160 late
896 3091 1248 3175 elongato-lanceolatis,

23 3191 107 3260 trude
132 3194 286 3272 surlcatis,
318 3196 406 3262 costa
435 3215 530 3279 usque
559 3214 664 3263 versus
687 3197 802 3279 apicem
826 3197 1033 3279 procurrente.
1077 3193 1249 3278 Capsulae

23 3317 38 3362 o
60 3297 224 3364 defluente
244 3299 330 3366 breui
345 3301 446 3366 erecta
461 3299 788 3386 oblongo-cylindrica,
813 3299 1004 3376 subarcuata,
1027 3299 1107 3364 sicca
1121 3298 1248 3381 deoper-

23 3405 62 3469 ta
77 3407 141 3472 snb
159 3423 213 3471 ore
227 3404 338 3472 leuiter
351 3406 505 3472 coarctata
521 3403 689 3490 cylindrica
699 3407 834 3486 arcuata,
851 3405 1129 3483 flavo-luscescens,
1145 3405 1248 3471 aetate

23 3507 105 3572 latus
131 3507 254 3574 coelum
275 3509 417 3591 spectans
440 3513 471 3576 ot
493 3529 597 3576 versus
613 3509 763 3576 orificium
778 3509 1024 3587 subaurantiscs,
1046 3507 1247 3591 leptoderma,

50 3612 145 3692 laxo,
179 3611 218 3679 ad
250 3611 402 3678 orificium
436 3614 793 3698 rotundato-hexagono,
825 3616 977 3680 caeterum
1008 3612 1248 3696 hexagono-roc-

23 3717 100 3800 pulo.
152 3715 339 3800 Operculum
365 3736 530 3802 magnum,
567 3717 863 3784 convexo-conicum.
908 3716 1051 3782 Annulns
1088 3716 1248 3801 augustus,

23 3821 167 3904 positus.
215 3821 394 3887 Peristomii
417 3823 522 3888 dentes
545 3823 595 3888 sat
617 3823 739 3908 magni,
770 3821 946 3902 latiuscnli,
977 3822 1076 3901 lutei,
1107 3820 1249 3905 hyalino·

23 3927 101 4004 rati3
134 3925 253 3993 interni
284 3926 463 3993 membrana
493 3926 665 4001 latescens,
694 3945 852 4009 processus
874 3925 1010 4010 integri,
1040 3923 1113 3990 cilia
1134 3923 1248 3989 binata.

23 4050 71 4098 rae
94 4031 253 4110 minutae,
277 4029 482 4116 ferrugineae.

42 4170 167 4235 Habit.
191 4169 230 4234 ad
252 4171 375 4236 truncos
398 4171 538 4236 vetustos
562 4169 703 4236 humidos
726 4186 819 4253 prope
835 4167 928 4254 seyr
942 4166 1089 4234 Austriae
1112 4164 1248 4247 superio·

23 4275 198 4362 [Sncsss),
221 4273 260 4340 ad
281 4293 372 4358 rupes
395 4273 538 4340 humidas
561 4292 655 4357 prope
672 4273 906 4338 clamositate
928 4270 1134 4356 Delphinatus
1156 4269 1246 4354 (Rev.

23 4381 170 4550 A{Pacci
193 4491 310 4550 matur.
334 4502 413 4551 vere.

38 4614 165 4674 Differt
187 4613 225 4672 ab
247 4611 284 4672 A.
307 4615 424 4690 ripario
454 4611 532 4672 loliis
555 4611 716 4674 minoribus
737 4607 949 4669 latescentibus
972 4604 1127 4681 augustius
1148 4603 1248 4678 textis,

23 4701 159 4778 mgulos
180 4703 228 4760 sat
250 4700 345 4761 calide
369 4700 688 4776 quadrato-arcelaus,
710 4696 766 4756 reti
788 4695 909 4756 basilari
931 4697 960 4754 at
982 4693 1118 4770 angulari
1140 4709 1247 4753 aaran·
