3402 5234
740 267 901 328 Pettiaaaaa.
1396 271 1459 339 209

183 441 321 508 Tortoa
343 443 520 530 cylindrieo
541 444 651 510 Lerna.
673 443 788 511 Adnot
811 444 910 530 brpol.
937 443 1030 512 1865.

183 545 320 612 nonna
342 547 492 612 sacam
514 549 562 614 m
585 548 663 614 non.
687 522 773 632 Spei.
798 550 827 616 ι.
853 548 939 615 roc.
963 549 993 634 (a
1016 547 1182 632 specimine
1202 549 1366 640 aaroni)

180 650 330 716 Barbula
351 652 483 719 maculis
505 670 570 719 var.
591 652 729 736 fluendo
750 653 809 718 Ba.
840 653 871 719 et
900 651 973 719 Sca.
996 652 1102 738 Bryal.
1126 671 1188 720 eur.

186 753 322 820 Toranio
343 757 475 823 anemis
498 756 546 821 Dn
569 756 648 824 Non.
671 755 752 838 Epil.
776 775 813 822 ex
833 776 864 839 p.

272 876 382 942 liubit.
413 877 445 942 in
477 879 561 944 terra
591 895 722 944 arenosa
744 877 871 944 humida
903 878 942 944 ad
973 877 1004 944 fl.
1029 877 1152 964 Darada
1180 875 1285 944 comit
1316 877 1464 944 Wiclclocc

179 979 352 1048 Hiberniae
372 981 547 1068 (birunnun
571 982 604 1048 in
623 983 709 1048 terra
723 982 1020 1050 humosa-araneosa
1042 983 1082 1048 ad
1105 982 1211 1066 pmcm
1227 1001 1383 1050 murorum
1397 983 1465 1050 loco

182 1083 340 1176 Mnclcros
361 1105 408 1168 pr.
425 1085 595 1171 Killornay
617 1085 785 1152 Hiberniae
806 1087 896 1171 longe
918 1087 1041 1170 lateque
1064 1087 1268 1170 caespitcsam
1289 1087 1391 1154 inveni
1406 1086 1465 1154 Ju-

181 1186 230 1253 lic
265 1187 365 1266 1865;
394 1191 428 1254 in
460 1189 602 1257 Sardinia
636 1190 704 1270 (Ilm
728 1190 864 1256 mannan
895 1191 928 1257 et
954 1189 1094 1270 Conna),
1128 1191 1158 1258 in
1190 1191 1295 1258 comit.
1320 1191 1466 1258 Olwabire

185 1291 365 1378 (Wnson);
388 1293 527 1360 sterilem
549 1294 582 1358 in
605 1311 676 1360 saro
698 1294 790 1360 humo
813 1293 935 1360 obtecto
957 1295 1054 1360 mont.
1070 1294 1201 1362 emotae
1216 1295 1337 1362 Odiliae
1350 1296 1466 1381 Vogesi

182 1395 264 1479 legi;
287 1396 393 1462 eodem
416 1399 501 1464 statu
524 1399 575 1462 sat
596 1397 787 1464 abundanter
808 1396 840 1462 in
862 1397 964 1464 insula
979 1396 1147 1465 Gatlundia
1169 1400 1202 1465 et
1224 1396 1256 1464 in
1271 1398 1381 1467 Scania
1395 1418 1467 1483 prc-

182 1498 282 1564 venit
330 1499 465 1565 Pulchre
497 1499 736 1567 fructificantem
768 1519 787 1566 a
820 1499 1022 1566 Constantine
1042 1500 1188 1586 Algariae
1210 1502 1249 1570 cl.
1273 1502 1398 1568 Duamu
1426 1519 1467 1570 oa

183 1601 419 1668 nasamones
440 1601 539 1668 misit.

277 1707 386 1772 Fano.
409 1715 526 1774 motor.
550 1707 644 1792 Majo.

274 1817 399 1878 Difficile
430 1837 448 1877 a
478 1819 571 1879 lorma
601 1817 710 1879 laxiora
733 1818 769 1878 Β.
791 1820 912 1878 vinealia
938 1819 1088 1894 capsulam
1109 1820 1270 1896 longiorem
1292 1819 1467 1897 longiusque
1554 1821 1558 1829 '

185 1905 394 1981 padicellatam
431 1905 542 1966 ferente
579 1909 609 1966 et
646 1907 801 1981 praecipua
839 1906 870 1964 in
909 1906 1028 1983 regione
1065 1909 1247 1969 meridionali
1278 1908 1467 1983 proveniente

186 1991 409 2068 distinguenda.

614 2169 665 2226 ab.
703 2167 858 2224 Barbula
879 2165 1036 2228 vinealia.

687 2289 772 2348 Bam.
794 2287 893 2364 Bryol.
916 2306 975 2348 eur.

278 2433 395 2501 Planta
416 2434 581 2516 robustior,
604 2435 706 2502 minus
729 2436 823 2514 elata,
845 2455 935 2518 parce
961 2453 1094 2513 menaea,
1116 2433 1302 2517 caespitnloe
1321 2433 1471 2501 rulo-lar·

189 2539 335 2623 rugineoa
357 2539 482 2606 densior
505 2537 649 2606 efficiens.
694 2539 782 2606 Folia
802 2537 1152 2622 subrecnrvopatentia,
1175 2535 1257 2604 sicca
1279 2538 1381 2604 erecta
1401 2537 1471 2604 lare

191 2641 564 2723 arcuato-incumbentia,
597 2643 752 2728 superiora
785 2644 870 2727 apice
892 2645 1023 2728 angnmo
1045 2642 1198 2722 flexuosa,
1230 2660 1247 2707 e
1269 2640 1337 2708 basi
1358 2641 1471 2707 latiore

188 2748 315 2834 longine
338 2749 370 2815 et
391 2747 554 2834 cumatius
569 2748 742 2816 lanceolata
757 2767 849 2832 quam
865 2749 895 2814 in
912 2748 951 2814 Β.
966 2748 1091 2830 sadaca,
1115 2744 1184 2813 basi
1194 2743 1334 2831 margine
1349 2745 1471 2824 reflexa,

189 2852 310 2936 apicem
331 2870 438 2918 versus
460 2852 563 2934 plana,
585 2851 646 2919 reti
668 2852 796 2919 basilari
811 2851 912 2918 minus
928 2853 1070 2936 ammeta,
1092 2849 1216 2917 brevius
1230 2849 1390 2934 longiusve
1405 2865 1472 2915 rec·

191 2957 334 3041 trogulo,
357 2955 615 3040 ebloropbyllaso.
660 2956 846 3023 Perichaetii
868 2955 943 3023 lolia
961 2954 1230 3041 semivaginantia
1252 2953 1352 3020 larius
1374 2947 1471 3030 mnia,

190 3057 295 3126 subito
316 3058 379 3125 lere
399 3058 433 3124 in
456 3059 597 3126 aubumm
619 3077 779 3126 murram
801 3061 979 3145 augustata.
1024 3057 1160 3142 Caprula
1190 3057 1223 3123 in
1245 3056 1393 3141 pedicello
1415 3073 1471 3138 pra

189 3180 278 3228 more
307 3161 459 3228 validiora
487 3162 627 3230 breviore
656 3181 806 3246 purpureo
836 3162 1081 3245 ovato-oblonga
1103 3162 1153 3228 vel
1175 3157 1472 3246 oblongo-elliptica

190 3265 345 3350 regularis
368 3265 702 3347 milevitanorum,
725 3265 953 3346 rulo-brunnen,
977 3268 1027 3333 eat
1041 3265 1256 3350 paahpderma.
1287 3261 1473 3346 Operculum

190 3371 327 3455 angusta
348 3367 498 3450 conicum,
520 3369 553 3434 in
574 3371 710 3436 rastrum
733 3370 846 3436 leniter
867 3369 1024 3453 obliquum
1047 3369 1116 3452 plue
1139 3367 1240 3434 minue
1262 3367 1473 3452 longumpro-

189 3474 331 3540 ductum.
375 3471 517 3539 Ananias
540 3471 733 3552 latiuscnlns,
756 3491 773 3539 a
794 3473 908 3556 duplici
931 3473 1010 3538 serie
1031 3472 1211 3539 ceflnhrnm
1234 3467 1402 3552 separatim
1424 3487 1474 3534 se-

191 3576 368 3644 cedentium
384 3576 581 3662 compoeitns.
612 3577 791 3645 Paristomii
805 3577 912 3643 dentm
935 3577 965 3643 in
988 3577 1170 3644 membrana
1190 3573 1318 3642 basilai
1340 3573 1474 3659 angusta

191 3681 376 3766 pnnctulata
397 3682 562 3760 breviores,
584 3682 796 3748 convolutione
818 3681 951 3764 simplici
973 3682 1025 3747 vel
1049 3679 1108 3760 1¹la
1131 3679 1199 3748 laxs
1214 3677 1359 3757 contorti,
1381 3676 1474 3761 palli-

190 3786 307 3852 diores.
351 3785 466 3869 Sperne
502 3785 667 3867 minimae,
704 3785 826 3865 lmen,
864 3785 1062 3870 lemgineaa.
1107 3784 1213 3868 Bryol.
1245 3801 1308 3849 eur.
1335 3780 1406 3846 Vol.
1429 3781 1473 3859 11,

191 3993 343 4060 Barbula
369 3993 503 4059 maculis
531 3993 619 4060 caule
649 3995 750 4062 erecto
777 3993 1078 4060 innovanti-ramosa
1107 3990 1190 4057 loliis
1211 3991 1280 4056 laxe
1301 3987 1475 4055 imbricatis

304 4096 674 4180 putenti-rademnscnlia
698 4097 838 4165 siccitate
859 4095 993 4162 incursie
1014 4093 1196 4162 lanmolatis
1217 4092 1318 4159 acutis
1339 4092 1476 4176 integer-

305 4200 410 4280 rimis,
447 4201 589 4285 operculo
626 4202 730 4270 conice
766 4201 892 4269 incurva
924 4201 1015 4267 theca
1045 4197 1136 4281 dupla
1166 4195 1299 4280 triplove
1327 4194 1475 4261 breviore.

306 4305 399 4372 Bura.
422 4305 528 4389 Bryol.
560 4304 659 4403 univ..
675 4305 709 4385 l,
741 4304 847 4388 Suppl.
879 4322 909 4386 p.
933 4301 1008 4368 830.
1052 4300 1112 4365 Ba.
1134 4301 1166 4366 et
1187 4299 1261 4366 Son.
1283 4296 1389 4382 Bryol.
1412 4315 1476 4399 cnr.

308 4406 344 4474 O.
366 4407 503 4474 Menona
524 4408 653 4494 Synaps.
697 4409 831 4476 Wnnean
853 4407 958 4492 Brpol.
981 4405 1063 4473 Brit.

197 4511 337 4580 Tertulla
358 4511 466 4595 fabae
487 4514 620 4580 vinealia
641 4513 691 4578 Dc
713 4512 833 4579 Nonne.
857 4509 935 4595 Syll.
957 4510 990 4576 et
1012 4508 1094 4592 Epil.

287 4615 397 4681 Habit.
420 4615 453 4681 in
476 4617 573 4684 muris
596 4619 689 4701 atoue
711 4619 795 4683 tarra
816 4615 956 4700 lapidosa
978 4609 1125 4680 calcaneis
1146 4607 1246 4676 ramus
1268 4607 1301 4674 in
1316 4605 1413 4674 muris
1428 4607 1482 4672 at·

249 4725 512 4781 manem.
530 4729 573 4771 aa
587 4729 622 4774 nr.
1237 4709 1272 4766 14
