3388 5218
272 378 311 436 VI
830 376 1004 438 mutuus

270 553 470 622 directionem
492 553 670 622 verbalem
693 553 825 639 gignunt
848 555 1109 640 (Ambtyeteqium
1130 575 1273 640 serpena
1307 557 1463 642 Hypatam
1493 577 1549 622 cu·

265 657 484 744 proaadornae,
502 657 769 724 Hometottecium
785 661 935 724 sericeam
952 677 977 724 e.
990 659 1042 743 a).
1074 659 1178 726 caelu
1192 661 1329 744 ramique
1344 661 1549 732 bomomaito-

270 761 384 829 ramosi
401 763 433 828 et
455 762 604 828 ramulosi
626 761 780 840 dicuutur,
802 762 856 828 ubi
878 761 956 827 rami
979 765 1071 846 atque
1086 763 1198 828 ramuli
1214 763 1253 828 ad
1270 783 1364 830 uuum
1380 765 1464 830 latus
1481 784 1548 831 ver-

269 867 357 950 gunt.
403 864 511 947 Quoad
534 864 751 942 dimotionem,
775 865 854 932 rami
877 867 909 930 et
930 866 1053 946 ramuli,
1077 867 1222 934 foliorum
1245 868 1284 933 ad
1307 868 1416 945 instar,
1441 889 1548 952 squar-

270 969 343 1050 rosi,
366 970 517 1054 patentes,
541 970 809 1053 erecto-patentes,
834 969 946 1047 reflexi,
971 969 1097 1046 deflexi,
1121 969 1282 1036 divaricati
1307 974 1364 1038 etc.
1388 973 1546 1039 vocentur.

357 1073 455 1138 Romi
484 1072 681 1138 nominantur
710 1072 922 1139 innovationes
954 1073 1089 1139 ecaulis
1118 1074 1216 1139 latere
1246 1078 1354 1141 enatae
1385 1096 1440 1160 pro
1463 1094 1549 1142 more

268 1175 404 1254 fertiles,
436 1177 556 1241 romuli
584 1175 662 1242 rami
690 1177 846 1243 tenuiores
878 1176 1001 1242 steriles
1024 1177 1202 1262 plerumque
1225 1178 1455 1264 flageiiiiormes
1476 1179 1497 1244 i.
1521 1199 1546 1245 a.

269 1279 388 1366 apicem
410 1298 516 1345 versus
538 1279 706 1357 attenuati;
729 1279 853 1362 utrique
875 1280 925 1345 vel
947 1279 1130 1346 eduliorum
1146 1281 1239 1347 axilla
1255 1282 1355 1348 rarius
1372 1303 1464 1368 supra
1480 1301 1547 1349 cem

269 1384 319 1450 vel
341 1382 379 1448 ad
402 1383 467 1468 ejus
490 1383 573 1448 latus
596 1383 726 1448 uascuut
765 1433 772 1447 .

357 1487 496 1552 &obses
527 1486 634 1553 vocavi
664 1485 876 1553 innovationes
905 1487 1127 1572 microphyllus
1150 1509 1167 1554 e
1190 1490 1277 1556 caule
1301 1510 1406 1556 uorsus
1429 1493 1546 1558 terram

268 1589 486 1658 descendentes
515 1590 617 1674 ibique
646 1589 818 1656 radicantes
840 1591 1112 1676 (Hedwipidium,
1144 1593 1316 1677 Bracata),
1340 1596 1389 1661 vel
1412 1614 1428 1659 e
1450 1596 1548 1662 caulis

269 1695 358 1782 parte
379 1695 576 1761 subterranea
598 1693 655 1759 sub
677 1695 760 1759 terra
783 1697 980 1780 prorepentes
1003 1695 1188 1782 tandemque
1210 1696 1249 1762 ad
1271 1697 1394 1782 plautas
1408 1699 1547 1766 novellas

269 1797 499 1866 comtituendas
521 1799 711 1882 emergentes
734 1797 886 1883 (Maium,
910 1797 1096 1864 Ciimoeiom
1120 1819 1145 1865 e.
1171 1801 1222 1884 a).

355 1903 518 1982 ductores,
540 1903 703 1987 praecipue
718 1903 915 1988 antiquiores,
939 1903 1020 1970 cauli
1035 1906 1215 1970 Muscorum
1229 1925 1284 1991 pro
1301 1905 1426 1983 formae,
1449 1907 1548 1974 direc-

267 2008 362 2076 tionis
399 2009 492 2092 atquc
520 2005 753 2073 ramibcationis
783 2007 980 2085 diversitate,
1018 2009 1141 2074 nomina
1172 2008 1292 2075 diversa
1322 2010 1544 2096 imposuerunt

271 2111 432 2178 Truncum
455 2113 566 2178 vocant
589 2111 708 2176 caulem
730 2113 767 2176 ut
789 2111 957 2195 plurimum
979 2113 1125 2191 erectum,
1149 2113 1247 2196 primo
1271 2114 1545 2198 simplicissimum,

267 2215 371 2283 aetate
394 2235 410 2282 e
433 2215 500 2282 basi
524 2215 574 2282 uel
597 2215 653 2280 sub
676 2215 761 2299 apice
783 2215 981 2282 innovantem
1003 2215 1199 2302 fraudumque
1230 2217 1426 2284 terminalem
1448 2215 1547 2285 ieron-

267 2323 347 2387 tem:
370 2319 429 2386 hoo
452 2337 544 2385 sensu
569 2317 668 2404 Brya,
693 2319 797 2400 Maia,
821 2318 1017 2403 Polytrictn,
1039 2319 1163 2404 proprio
1180 2340 1235 2388 suo
1251 2321 1360 2389 robore
1375 2323 1425 2388 vel
1439 2323 1548 2388 mutua

268 2423 421 2492 sociorum
443 2441 500 2508 ope
522 2423 626 2489 erecta
648 2441 714 2490 sese
737 2422 935 2502 sustinentia,
957 2425 1066 2490 trunco
1088 2427 1259 2491 uterentur.
1304 2425 1365 2492 Ubi
1387 2426 1426 2491 ad
1447 2427 1547 2493 latera

246 2527 365 2596 *caulis
393 2527 542 2612 simplicis
575 2528 624 2593 vel
655 2527 746 2593 diuisi
774 2526 849 2593 tolia
876 2527 1009 2594 disticho
1042 2527 1223 2595 ordinantur
1251 2531 1283 2594 et
1310 2531 1398 2613 quasi
1420 2550 1456 2596 er
1478 2530 1546 2615 ipso

267 2633 355 2699 caule
377 2631 557 2699 continuata
577 2632 736 2716 apparent,
760 2630 937 2715 hujusmodi
960 2632 1057 2698 caulis
1079 2632 1209 2715 frondis
1236 2633 1357 2700 nomine
1381 2635 1545 2700 adutatu.

268 2736 439 2802 θωταιὶιωη
459 2734 621 2803 nominant
643 2735 761 2801 caulem
785 2735 963 2820 saepissima
986 2736 1245 2821 procumbentem,
1265 2737 1331 2820 Jam
1353 2739 1425 2804 ante
1440 2737 1547 2805 tiores-

266 2841 398 2910 eeutiam
421 2859 578 2908 ramosum
599 2839 794 2924 fructuumque
816 2840 977 2906 muralem
992 2839 1206 2925 proterentem.
1253 2841 1475 2910 Distinctiouoa
1496 2843 1547 2908 ta·

266 2947 313 3013 loe
337 2945 476 3024 subtiles,
500 2963 578 3028 quae
600 2943 850 3030 terminologiam
872 2943 1046 3010 nominibus
1070 2945 1152 3010 male
1167 2943 1303 3010 bmdatis
1319 2946 1484 3012 obstruuut
1498 2948 1547 3012 at·

246 3067 325 3134 ¹que
345 3049 378 3116 in
400 3049 468 3134 ipsa
490 3049 600 3114 natura
623 3048 740 3114 nullam
762 3047 914 3114 rationem
936 3047 1059 3124 habent,
1084 3048 1207 3115 omnino
1231 3048 1413 3132 rejiciendae
1436 3051 1517 3115 sunt.

354 3151 459 3221 Oculis
474 3161 592 3218 aaaron
608 3154 672 3230 eat,
695 3171 765 3218 cum
780 3153 850 3219 tote
864 3151 1058 3237 longitudine
1081 3153 1260 3218 verbalem
1274 3153 1397 3219 exhibet
1419 3155 1547 3239 positio·

267 3275 347 3334 nem,
371 3257 407 3322 ut
429 3255 461 3322 in
482 3256 570 3342 Bryo
587 3257 874 3342 pseudotriqeetro,
896 3256 928 3321 in
952 3255 1073 3341 Hypso
1094 3258 1226 3334 nitente;
1248 3251 1429 3339 aucensis,
1453 3259 1505 3327 ubi
1528 3279 1547 3326 a

266 3360 332 3428 basi
369 3359 555 3428 boriaoutaii
591 3360 743 3426 monatim
780 3360 911 3446 erigitur
947 3361 979 3425 et
1016 3361 1173 3427 verticalis
1210 3361 1362 3438 efficitur;
1409 3363 1547 3428 ἀωῐέηα-

268 3473 337 3548 tus,
364 3483 434 3532 cum
457 3464 608 3532 mouetim
629 3464 799 3542 descendit3
830 3465 1011 3548 reclinatus,
1041 3483 1112 3531 cum
1134 3463 1306 3531 declinatus
1329 3466 1414 3550 epioe
1435 3466 1547 3533 leniter

268 3568 422 3655 assurgit3
445 3569 612 3650 incurvos,
634 3568 720 3652 epioe
745 3568 897 3634 introrsus
920 3570 1079 3652 spectans,
1103 3589 1254 3634 recurvus
1279 3587 1370 3634 seusu
1391 3571 1546 3638 contrario

268 3674 430 3748 omentum
453 3674 631 3758 depressus,
660 3671 712 3738 ubi
739 3672 778 3738 ab
799 3670 917 3756 origine
940 3671 1118 3738 suberectus
1140 3671 1304 3756 quotannis
1326 3671 1414 3740 noris
1436 3693 1547 3760 propa·

267 3775 390 3864 pinibus
427 3777 581 3860 ramisque
618 3777 657 3842 ed
695 3777 810 3842 terram
847 3774 1046 3861 deprimitur,
1084 3777 1121 3840 ut
1158 3776 1189 3840 in
1222 3776 1406 3862 Hylocomio
1444 3779 1546 3863 aptare

268 3881 373 3957 aeas,
407 3879 439 3946 in
467 3880 603 3946 discidio
625 3881 849 3960 tumorisrino;
875 3881 1101 3966 procumbens,
1125 3887 1310 3966 prostratus
1320 3929 1330 3962 ,
1353 3881 1546 3966 tomitanos,

269 4003 339 4052 oum
360 3983 594 4052 horizontaliter
615 3986 716 4051 terrae
732 3984 890 4062 incumbit,
913 3987 950 4049 ut
969 3985 1000 4050 iu
1017 3984 1241 4068 Brcetytteoie
1256 3985 1413 4064 matulo,
1435 3988 1466 4052 in
1482 3987 1548 4053 Eo·

266 4087 420 4174 rtyndsio
434 4090 557 4170 motato,
568 4087 716 4173 piliferoc
732 4109 871 4174 corpores,
887 4087 1021 4156 flexuoso
1036 4091 1221 4174 prostratus,
1237 4088 1358 4156 quer.
1377 4091 1527 4156 &eneti
1535 4115 1547 4174 ,·

266 4213 389 4280 waes,
411 4193 463 4260 ubi
484 4195 586 4260 terrae
607 4193 794 4273 incumbens,
817 4193 868 4260 hic
891 4193 1044 4260 radiculas
1067 4195 1143 4280 agit,
1166 4195 1202 4260 ut
1225 4193 1257 4259 in
1273 4193 1445 4279 Brcctytt.
1469 4197 1547 4262 aaa

266 4297 367 4376 broco,
385 4295 540 4382 populeo,
561 4297 594 4362 in
623 4295 761 4362 Nasidio
783 4297 1154 4378 monasteriensem
1185 4305 1325 4384 reptans,
1347 4299 1399 4365 nbi
1422 4317 1548 4386 sospem

266 4403 336 4469 tota
357 4399 549 4488 longitudine
571 4400 719 4467 radiculis
741 4403 826 4468 arcte
848 4401 1006 4480 adhaeret,
1030 4405 1066 4468 ut
1090 4403 1188 4470 caudis
1219 4403 1326 4469 Uictoe
1351 4403 1548 4473 Drommon-

267 4507 328 4587 dii,
367 4503 551 4590 Cryptoeao
584 4503 814 4586 temerandae,
853 4505 1056 4591 Ireptodontia
1094 4506 1237 4588 Smittii,
1276 4507 1438 4593 Pylaiaioe
1469 4511 1547 4587 etc.;

262 4608 434 4696 pmdataa,
455 4607 508 4676 ubi
530 4607 682 4676 radicibus
705 4609 887 4676 mailambus
910 4611 1053 4678 arborum
1074 4611 1182 4678 cortici
1198 4613 1246 4678 rel
1260 4612 1382 4697 rupium
1397 4613 1548 4682 tatoribru

268 4713 395 4794 adfixus,
418 4713 487 4784 hae
509 4715 542 4780 et
563 4731 668 4782 comae
691 4713 791 4782 instar
811 4713 965 4798 dependit,
989 4715 1025 4780 ut
1047 4715 1079 4782 iu
1102 4715 1297 4782 datto-tobia
1312 4719 1546 4802 cunipendsde,
