3290 5214
270 283 320 340 XL
826 273 1000 332 Introductis.

272 458 354 535 sunt,
371 453 529 540 ngnnm
546 451 758 536 carpinetum,
781 449 998 534 sorditatinm,
1019 449 1186 530 stationum,
1205 455 1367 534 pruinoso,
1382 449 1560 528 aduncam,

273 560 450 640 Sntdtneri,
461 557 665 643 pellucidam,
681 553 869 622 Otimooinrn
891 554 1090 635 dendroides,
1112 554 1147 618 ut
1162 553 1196 618 et
1210 550 1386 616 Pooonnts
1406 551 1559 634 smstono,

271 663 516 730 Autonomninrn
534 662 701 747 potastro,·
722 659 798 725 locis
821 658 983 726 denudatis
1007 659 1131 742 Brynm
1152 658 1349 738 annotinum,
1371 655 1559 739 latifolinmj

272 769 420 850 tucnstre,
443 768 570 848 bimam,
592 765 797 830 turbinatam.

357 869 492 938 Nemora
522 867 708 950 campestria
736 884 822 932 suam
844 865 960 931 habent
981 864 1157 930 Muscorum
1182 863 1324 930 florulam
1349 862 1558 946 peculiarem

271 977 385 1041 terram
408 974 440 1040 in
463 973 502 1038 iis
526 971 690 1039 obductam
712 970 849 1036 invenies
872 968 992 1054 Hypno
1008 988 1115 1053 paro,
1138 969 1301 1054 triquetro,
1325 965 1559 1053 Comptottecto

257 1077 447 1160 ,tarnenna
479 1074 685 1160 Esortgonciio
708 1073 876 1152 Swortzit;
906 1072 1049 1138 arborum
1073 1072 1189 1138 radices
1213 1071 1301 1156 Bryo
1323 1091 1433 1153 roseo,
1463 1071 1559 1136 Mnio

272 1182 448 1267 munidato,
471 1179 641 1264 Broctytt.
665 1177 837 1256 salebroso,
862 1177 1077 1242 Anornodonte
1099 1183 1266 1258 nonanto,
1288 1173 1464 1260 longifolio,
1488 1174 1559 1238 Ho-

272 1284 371 1350 molio
385 1283 648 1365 eremmon,-
670 1300 775 1348 corum
798 1282 932 1359 truncos,
957 1280 1189 1346 Honnotottecio
1211 1281 1335 1360 sericeo,
1358 1278 1560 1344 Lemooom

272 1388 439 1470 aoinroidc,
462 1387 677 1453 Annnodonto
691 1385 871 1466 vitiatam,-
893 1385 1068 1450 truncorum
1093 1385 1198 1467 partes
1220 1383 1354 1450 cariosas
1377 1384 1425 1448 vol
1441 1383 1560 1466 stirpes

273 1492 482 1576 putrescentes
507 1489 733 1575 Broctyttecio
754 1488 905 1570 calatino,
928 1488 1101 1570 salomae,
1124 1506 1193 1553 raro
1221 1487 1358 1552 moron
1379 1488 1560 1564 minutato,-

274 1597 374 1662 terras
396 1595 463 1662 loca
496 1593 648 1659 denudata
674 1591 802 1658 coloniis
824 1592 1053 1658 Fisstdontinn
1079 1591 1133 1674 (F.
1158 1592 1313 1674 tonifoltt,
1347 1591 1560 1672 admuntis,

273 1699 451 1785 nynon),
485 1697 753 1764 Dosmododontia
775 1695 958 1778 lamentati,
990 1695 1117 1761 ornati
1139 1695 1288 1762 nndnloti
1309 1714 1336 1760 e.
1359 1713 1388 1760 a.
1412 1693 1560 1778 frequen·

272 1803 391 1872 tantm.

359 1907 405 1973 At
426 1906 592 1973 maximam
616 1905 792 1971 Muscorum
814 1903 932 1986 copiam
956 1904 1061 1988 spirae
1084 1902 1140 1968 sub
1165 1903 1282 1969 umbris
1313 1903 1377 1968 suis
1406 1901 1563 1974 educam:

273 2011 534 2098 Hylocorniornm
555 2028 630 2094 gens
654 2008 839 2093 procerrima
854 2007 1012 2092 sylvarum
1029 2007 1212 2090 praeprimis
1227 2009 1441 2074 moctesarcm
1459 2006 1564 2072 solnm

273 2113 365 2200 longe
380 2115 506 2198 lateque
528 2115 666 2196 occupat,
690 2112 771 2178 inter
794 2131 862 2178 cam
885 2111 999 2194 stirpes
1021 2110 1254 2194 elegantissima
1269 2109 1495 2178 ramifications
1509 2113 1564 2176 at-

274 2237 330 2302 que
354 2216 568 2284 amoenissimo
591 2217 692 2284 colore
715 2214 872 2300 variegata
895 2213 1033 2300 insignes
1059 2214 1193 2281 Traron
1214 2216 1415 2280 ramaneant
1436 2217 1469 2280 at
1485 2215 1565 2280 oeri-

274 2320 371 2388 cans
392 2321 632 2404 conspiciuntur,
656 2321 874 2401 innumeraque
897 2319 1001 2403 nepita
1022 2319 1232 2386 flavo-crinita
1254 2319 1377 2401 altaque
1400 2317 1486 2384 elata
1508 2319 1566 2385 he-

273 2443 361 2492 roum
383 2424 465 2490 inter
494 2441 692 2506 acrecarpos,
724 2424 900 2510 Polytrtoti
919 2419 1054 2508 formosi
1077 2424 1110 2489 et
1132 2423 1165 2488 in
1188 2423 1259 2488 udis
1282 2422 1351 2488 Pol.
1375 2425 1565 2502 conmenta,

276 2545 350 2594 saxa
371 2529 403 2592 et
425 2546 515 2610 rupes
537 2547 605 2594 cum
628 2527 746 2608 adsint,
770 2547 864 2614 grege
885 2528 979 2594 denso
1002 2545 1236 2609 carocarporum
1259 2527 1468 2610 occupantur,
1502 2526 1565 2592 Dt-

278 2651 412 2698 rrcnum
433 2633 632 2718 scopnrium,
660 2632 803 2716 fucum,
834 2632 1122 2698 Dieronodontinm
1153 2631 1354 2716 lonpiroatre,
1392 2629 1567 2717 Tetroptia

274 2735 446 2822 pellucido,
468 2735 673 2822 Didymodon
696 2737 910 2821 cylirodricns,
933 2735 1136 2820 Anooolypto
1158 2733 1278 2800 rotello
1301 2753 1326 2800 e.
1350 2751 1378 2800 a
1403 2733 1567 2818 vulgario-

278 2857 328 2906 rcs
344 2838 511 2922 specierum
527 2843 599 2906 sunt
614 2859 692 2924 quae
707 2840 739 2905 in
754 2840 835 2906 saxis
851 2839 1010 2924 spiraticis
1025 2839 1236 2921 hospitantun
1257 2839 1289 2904 in
1305 2836 1431 2921 rupibus
1447 2840 1568 2920 reperi·

279 2946 374 3012 untur
405 2945 567 3012 Antoren
601 2947 837 3032 androgynum,
866 2943 1054 3029 Ptogtottcc.
1088 2944 1287 3028 sylvaticum,
1325 2941 1568 3022 naumurum

280 3047 468 3130 atomorum,
491 3047 587 3114 Iactis.
610 3069 769 3134 mynrnm,
790 3050 823 3114 et
846 3047 1078 3134 rnyoanroidos;
1108 3046 1147 3114 ad
1169 3046 1339 3112 rivulorum
1362 3045 1469 3128 sylvas
1494 3063 1569 3128 per-

282 3147 444 3216 tinentium
460 3150 544 3233 ripas
560 3151 707 3232 abmptcs
724 3151 850 3215 Mninm
865 3150 999 3216 tonnam
1022 3149 1098 3216 latis
1114 3150 1301 3233 caespitibus
1317 3149 1413 3233 viget,
1429 3151 1473 3226 et,
1497 3167 1570 3216 curn

281 3271 355 3320 sua
370 3251 493 3328 madida
508 3252 622 3332 adnot,
645 3253 771 3318 Mninnn
781 3261 988 3340 punctatum
1009 3253 1047 3320 ad
1064 3254 1180 3320 viarum
1203 3272 1347 3320 cavarum
1363 3254 1465 3320 latera
1481 3251 1571 3319 loca·

282 3373 339 3440 que
361 3356 491 3440 abmpta
514 3355 616 3422 sedem
640 3375 726 3422 suam
748 3357 869 3442 eligunt
899 3357 1027 3423 Webero
1049 3359 1207 3444 sternata,
1230 3357 1445 3442 Diphyaotnm
1474 3357 1571 3439 sotio

282 3479 354 3526 mm
373 3461 407 3528 et
428 3461 528 3526 multo
549 3459 647 3526 rarior
670 3459 872 3524 Brontonmio
893 3462 1041 3547 optinum
1063 3465 1217 3529 caeterum
1240 3462 1291 3528 ubi
1314 3463 1473 3546 sylvarum
1498 3481 1572 3526 um·

284 3564 441 3630 brosarum
463 3564 531 3630 loca
553 3583 572 3630 a
594 3563 769 3648 Hypnacais
792 3563 961 3648 majoribus
984 3584 1044 3631 non
1067 3566 1189 3632 omnino
1212 3565 1335 3632 obtecta
1357 3567 1441 3640 snut,
1465 3563 1571 3630 sedem

282 3666 472 3734 commodam
496 3667 642 3751 praebent
664 3667 754 3733 Mnio
775 3668 929 3732 onducto
952 3671 984 3734 et
1006 3668 1111 3752 affini,
1135 3669 1314 3754 Lcncobryo
1327 3669 1453 3754 planco,
1478 3669 1573 3734 Can·-

280 3771 434 3856 pytopodi
453 3770 592 3854 fleanoso
602 3819 612 3854 ,
637 3771 724 3856 Bryo
745 3779 891 3852 cataneto,
922 3771 1068 3838 Dicrono
1100 3773 1267 3854 antidoto,
1299 3773 1338 3838 ad
1361 3773 1572 3858 scaturigines

285 3871 528 3961 Poryqopoyuo
549 3876 674 3956 incocti,
698 3874 923 3959 Brochgttsrio
945 3878 1091 3942 ricnwri.

372 3977 527 4044 Arborum
558 3979 776 4062 sylvaticarum
809 3979 910 4044 trunci
937 3981 1003 4048 tam
1032 3983 1097 4049 sani
1130 3999 1221 4064 quarn
1252 3980 1363 4046 cariosi
1394 3981 1427 4045 et
1465 3999 1574 4048 earnm

286 4079 398 4168 stirpes
428 4083 577 4152 radicales
605 4085 635 4149 in
668 4085 752 4150 terra
785 4082 940 4162 residuae,
974 4085 1053 4150 rami
1086 4085 1258 4166 ramuliquo
1281 4083 1461 4150 innumerae
1485 4084 1574 4170 genti

286 4185 462 4252 Mcscorum
484 4187 654 4272 hospitium
678 4187 819 4254 atterunt.
851 4187 936 4252 Inter
960 4189 1171 4272 Ontorrnta,
1197 4189 1232 4253 0.
1250 4189 1458 4254 stramineum
1483 4191 1575 4254 trum

287 4309 338 4358 cos
360 4291 535 4358 annosiores
560 4291 645 4377 Fagi
676 4291 850 4374 praeoptat,
885 4292 921 4356 0.
946 4293 1102 4373 Bronntt,
1140 4293 1232 4358 Utora
1256 4293 1384 4376 erispa,
1416 4295 1576 4379 consputa,

287 4401 455 4472 coarctato,
479 4395 642 4482 Lndnipii
653 4394 799 4479 juniores
824 4394 912 4460 Orth.
930 4396 1043 4482 Lyoltii
1058 4399 1182 4462 truncos
1200 4397 1318 4462 sitietis
1334 4396 1366 4462 st
1383 4395 1452 4479 ejus
1469 4416 1575 4462 ramu-

287 4497 335 4563 los
364 4499 500 4564 excelsos
532 4499 656 4586 diligit,
689 4499 719 4566 in
744 4499 905 4566 Britannia
933 4500 1052 4585 saepius
1075 4501 1112 4567 ad
1136 4500 1261 4567 arbores
1284 4501 1480 4584 campestres
1504 4521 1575 4584 pro·

288 4601 387 4680 senit3
425 4601 508 4670 inter
540 4603 682 4692 Hypno,
720 4603 763 4670 H.
797 4600 1041 4692 enprreasiforrno
1074 4601 1105 4666 in
1136 4601 1277 4668 omnibus
1309 4603 1371 4667 tere
1410 4603 1576 4672 arboribus
