3434 5234
691 295 891 354 Grlmmiaceao.

484 521 486 526 ,
538 481 570 539 8.
601 481 822 539 cinelidotus
845 481 1039 550 aquatione.

515 603 653 679 Hypnnm
676 603 843 679 aquaticum
866 603 957 674 Drun,
980 603 1064 662 brun.

235 731 350 798 Planta
372 730 607 815 speciosissima,
630 734 711 801 baud
730 754 801 800 raro
816 734 1046 817 sesquipedalis,
1069 734 1155 801 caule
1172 735 1310 818 pertenui
1324 735 1427 821 ligneo

147 836 490 916 fasciculam-ramoso,
520 837 636 905 inferne
662 838 832 920 denudato,
863 840 930 906 sola
952 839 1020 904 basi
1041 838 1150 905 adfixo.
1195 839 1284 907 l'olia
1305 841 1428 908 lineali·

143 941 329 1020 lanceolata,
346 943 477 1008 secunda
491 942 803 1022 ettalcatosecunda,
821 941 931 1028 rigida,
946 941 1324 1030 incrassato-marginata,
1341 947 1426 1012 costa

145 1045 252 1110 valida
285 1045 317 1110 in
348 1065 522 1112 mucronem
553 1048 724 1114 excedente.
770 1045 919 1130 Calyptra
951 1045 1241 1128 conice-cucullata,
1278 1050 1427 1132 albicans,
1501 1049 1505 1058 '

143 1149 251 1216 aetate
274 1149 439 1234 nigricans.
484 1150 615 1216 Fructus
638 1151 670 1216 in
690 1149 820 1216 ramulis
842 1149 1024 1217 lateralibus
1055 1150 1215 1232 brevibus,
1244 1154 1325 1220 haud
1355 1174 1427 1222 raro

144 1252 363 1336 copiosissimi.
408 1253 541 1338 Capsula
564 1255 596 1320 in
618 1254 764 1337 pedicello
783 1253 879 1333 brevi,
901 1272 1015 1333 crasso,
1037 1254 1152 1336 pallido
1167 1274 1295 1337 emersa,
1319 1260 1427 1324 ovato-

144 1357 290 1442 oblonga,
314 1357 423 1438 solida,
446 1359 546 1442 sporis
567 1358 695 1442 impleta
713 1358 859 1436 elisaeus,
881 1358 1007 1424 tandem
1022 1360 1166 1425 castanea
1181 1361 1214 1425 et
1229 1362 1308 1428 atra.
1339 1363 1429 1429 Peri·

145 1461 254 1528 stomii
275 1461 382 1529 dentes
404 1463 494 1530 valde
518 1463 630 1542 divisi,
651 1462 853 1530 divisionibus
875 1463 911 1528 ut
933 1463 965 1528 in
988 1463 1256 1545 praecedentibus,
1279 1467 1427 1535 tenuiori-

144 1565 215 1645 bus,
239 1566 372 1634 maxime
394 1567 578 1651 fragilibus,
601 1586 657 1651 pro
680 1566 815 1634 maxima
838 1569 929 1651 parte
950 1567 1093 1650 operculo
1114 1568 1147 1634 ct
1169 1569 1348 1637 columellae
1371 1574 1426 1640 ed-

143 1670 343 1739 haorentibus
366 1691 496 1754 cumque
516 1671 562 1738 eis
584 1671 726 1740 deciduis.
771 1672 874 1756 Bryol.
898 1690 962 1738 eur.
987 1670 1055 1738 Vol.
1072 1671 1131 1748 ΙΙΙ,
1154 1672 1230 1740 Tab.
1247 1674 1320 1742 276.

144 1773 304 1860 Hypatam
335 1775 511 1859 aquaticum
545 1775 721 1860 nigricans,
755 1776 837 1842 foliis
871 1777 1012 1862 angustis
1041 1775 1175 1843 ineatis.
1220 1777 1310 1844 Drnn.
1340 1781 1424 1848 Hist.

257 1878 354 1946 Musa.
378 1899 408 1963 p.
432 1878 506 1960 334,
529 1880 605 1947 Tab.
628 1879 680 1946 ds.

144 1981 318 2069 Hedrcipia
347 1985 512 2070 aqoodco,
551 1985 659 2050 trunco
691 1984 777 2050 tenni
803 1982 975 2062 dmbnato,
1012 1984 1259 2053 extremitatibus
1285 1987 1427 2074 tubisque

193 2141 197 2148 .
255 2086 424 2154 linearibus
447 2087 650 2167 acuminatis,
673 2086 851 2167 reclinatis,
874 2087 972 2154 thecis
996 2086 1147 2173 oblongis.
1190 2090 1301 2157 Huow.
1324 2091 1423 2159 Musc.

254 2190 351 2256 frond.
376 2192 434 2273 lII,
457 2211 487 2274 p.
512 2190 563 2274 29,
585 2191 661 2259 Tab.
690 2190 738 2256 li.
784 2190 833 2256 Do
855 2190 933 2256 Non.
957 2189 1035 2274 Syll.

144 2295 398 2381 numnquam
419 2297 601 2382 apotolicum
622 2296 734 2361 nunu.
758 2293 843 2378 spec.
888 2294 1072 2361 sonorior.
1097 2294 1202 2381 Suppl.

148 2400 410 2486 Gymaoetomom
431 2401 611 2486 aquaticum
635 2401 726 2466 Baro.
748 2398 854 2485 Bryol.
878 2401 960 2466 univ.

147 2503 341 2570 &mladota
357 2505 523 2590 aquaticus
538 2504 596 2570 Bo.
613 2506 646 2571 et
657 2503 730 2571 Scfl.
746 2505 799 2570 Br.
816 2523 879 2570 eur.
910 2504 1010 2572 Wms
1025 2505 1078 2573 Br.
1094 2506 1174 2573 Brit.
1198 2507 1333 2578 DeNou
1343 2510 1425 2594 Epil.

146 2608 313 2675 debedio
335 2610 484 2694 aquatica
507 2607 540 2673 C.
563 2608 699 2673 Mtunun
722 2607 850 2692 Synops.

236 2712 345 2778 Hodie.
370 2712 409 2779 ad
431 2731 506 2779 sara
528 2716 559 2779 et
582 2731 672 2795 rupes
694 2713 726 2777 in
748 2712 856 2778 dvulis
871 2711 1005 2797 regionis
1021 2714 1184 2781 montanae
1200 2717 1232 2782 ct
1247 2718 1426 2802 subalpinae

144 2836 200 2901 per
222 2817 377 2900 Europam
393 2816 526 2882 mediam
542 2817 633 2900 atque
649 2817 889 2896 meridionalem,
913 2816 1051 2884 calcanea
1066 2823 1285 2900 praecaeteris
1302 2841 1424 2890 amans:

143 2921 389 3008 vulgatissimus,
413 2921 494 2988 socio
517 2921 726 3004 praecedente,
748 2921 781 2986 iu
796 2922 899 2988 tractu
911 2921 1080 3006 jurassieo;
1104 2942 1253 3006 nusquam
1268 2927 1424 3010 pulchrius

142 3026 353 3109 fructibusque
375 3025 632 3093 numerosioribus
656 3024 718 3092 vidi
741 3045 833 3109 quam
855 3024 888 3090 in
910 3025 1003 3091 rivuli
1032 3045 1048 3092 e
1070 3027 1155 3095 fonte
1176 3028 1426 3099 Vallis-Olansae

142 3130 309 3198 defluentis
339 3131 446 3208 alueo,
477 3149 567 3213 quem
596 3130 697 3196 toturn
719 3131 823 3213 tapete
845 3130 1023 3197 atro-viridi
1046 3131 1186 3214 obducit,
1217 3137 1371 3202 caeterum
1394 3137 1425 3201 in

141 3233 308 3302 Helvetiae
337 3233 397 3298 Vol
419 3235 457 3299 de
484 3235 621 3300 Trcoers
643 3233 681 3299 ad
703 3235 822 3299 iontem
845 3234 1048 3321 Noircipuca,
1071 3237 1103 3302 et
1124 3255 1218 3320 prope
1240 3237 1370 3304 Valorbe
1385 3240 1426 3306 ad

141 3341 262 3407 fontem
284 3339 376 3406 rivuli
393 3339 473 3406 Orbe
494 3338 698 3423 pulcherrime
721 3340 753 3407 ct
775 3338 882 3405 multis
906 3339 976 3406 aliis
999 3339 1075 3407 locis
1095 3362 1137 3407 m.
1160 3342 1255 3409 durae
1278 3345 1426 3427 copiosis-

140 3445 223 3512 sime
246 3443 383 3522 observi,
406 3445 442 3509 ut
465 3443 496 3509 et
518 3443 550 3508 in
572 3442 667 3508 ltalia
691 3442 863 3525 superiore,
893 3441 926 3507 in
948 3443 1134 3527 Pyrenaeis,
1161 3445 1193 3511 in
1216 3445 1426 3534 Salisburgiao

139 3548 317 3626 montibus;
339 3547 529 3615 desideratur
544 3547 576 3613 in
592 3547 764 3627 Britannia,
787 3545 987 3613 Scandiuavia
1010 3549 1101 3630 atque
1116 3547 1281 3617 Germania
1304 3555 1425 3635 septen·

140 3652 282 3720 triennii.

233 3757 345 3823 Fract.
368 3763 486 3822 motam
510 3775 589 3822 rere.

232 3869 406 3946 Rigiditate,
429 3868 508 3929 foliis
531 3867 766 3944 angustioribus,
789 3867 986 3939 solidioribus,
1009 3867 1140 3942 falcatis,
1163 3871 1332 3943 subnitidis,
1355 3888 1425 3946 cap·

139 3959 209 4020 sula
231 3975 344 4019 emersa
365 3956 475 4033 majore
498 3955 564 4016 rufa
586 3954 672 4016 facile
696 3973 713 4013 a
737 3955 928 4029 praecedente
950 3955 1152 4031 distinguitur.

689 4165 800 4235 Fam
824 4165 877 4235 IL

638 4292 935 4380 Grimmieae.

230 4453 333 4519 Musei
356 4452 388 4516 in
409 4452 584 4537 pulvinulos
607 4452 656 4520 vel
678 4453 828 4536 caespites
850 4452 919 4536 plus
943 4455 1082 4520 minusve
1097 4455 1297 4524 condensatos
1314 4476 1426 4542 aggre-

139 4558 229 4646 gati,
253 4557 433 4641 plerumque
455 4577 473 4624 e
495 4557 561 4624 sola
584 4557 651 4624 basi
673 4557 867 4638 radicantes,
891 4557 947 4624 sub
970 4558 1056 4641 apice
1077 4557 1208 4626 florifero
1231 4562 1424 4640 innovantes,

140 4661 314 4746 acrccarpi,
336 4681 407 4728 raro
429 4661 613 4745 cladcoarpi.
652 4661 740 4727 Folia
762 4659 976 4738 5-8·stieha,
998 4661 1145 4742 confuta,
1168 4663 1299 4747 undique
1315 4666 1425 4747 paten-
