3402 5234
705 323 866 380 Pettiaccse.

144 501 354 586 Didymodoc
376 501 572 586 cylindricce
594 501 653 566 Ba.
678 501 711 567 et
735 499 808 568 Son.
832 497 936 585 Brpol.
958 519 1023 567 cnr.
1045 499 1067 567 l.
1090 520 1116 568 c.

148 605 398 673 llietostomum
422 605 633 692 cylindricam
655 604 689 671 C.
705 605 841 671 Menneu
864 603 994 690 Synops.

144 729 218 798 Var.
242 736 274 809 β.
298 729 519 795 Daldiaicnua
542 729 591 794 Du
613 728 691 794 Non.
736 727 825 794 Folia
848 727 964 810 apicem
988 745 1095 794 versus
1117 727 1232 794 sensim
1247 727 1429 813 angustiora

255 834 376 918 longius
399 835 432 900 ct
454 833 573 901 acutius
595 832 792 912 acuminata,
815 832 998 899 cellularum
1019 831 1100 898 serie
1130 830 1298 916 marginali
1327 833 1428 900 colore

256 940 373 1006 luteolo
395 939 540 1025 insignia,
563 937 683 1005 cellulis
706 937 782 1022 ipsis
805 936 934 1004 castoris
957 936 1047 1020 paulo
1070 935 1245 1003 latioribus.

140 1045 220 1110 Ver.
238 1071 264 1128 y.
289 1044 444 1110 robustus.
489 1042 621 1110 Plantae
643 1042 808 1108 validiores
831 1041 1082 1124 sesquiunciales,
1104 1039 1228 1107 densius
1252 1043 1427 1126 caespitan-

255 1149 312 1226 tes,
335 1147 420 1212 loliis
442 1146 584 1214 siccitate
606 1145 698 1212 ualde
720 1144 843 1212 cirratis
865 1144 992 1228 basique
1013 1145 1046 1210 ot
1061 1145 1147 1211 costa
1169 1144 1427 1213 nitido-albican-

256 1251 358 1329 tibus,
386 1251 595 1336 longioribus,
625 1251 739 1318 sensim
771 1249 922 1328 scutatis,
950 1248 1035 1333 apice
1065 1247 1214 1335 integris,
1243 1269 1427 1319 mucrones

255 1357 340 1422 costa
362 1356 524 1422 excedente
546 1355 678 1422 formato
702 1354 836 1422 dentato.

140 1461 219 1527 Var.
241 1465 270 1526 ὁ.
291 1461 499 1546 pcmsnc'pacro.
545 1460 678 1526 Plantae
698 1460 848 1544 graciles,
872 1458 1097 1539 semiunciales,
1120 1459 1203 1526 foliis
1226 1459 1425 1542 breuioribus,

253 1563 492 1648 angustioribus,
515 1563 601 1647 apice
623 1563 793 1648 propagula
815 1562 1018 1629 luscescentia
1038 1563 1216 1630 ferentibus.

234 1685 343 1750 Haeo.
366 1683 398 1750 in
421 1687 504 1752 saxis
526 1687 558 1753 et
581 1685 708 1768 rupibus
742 1686 897 1752 erenacels
928 1704 964 1752 ac
994 1685 1156 1770 graniticis
1187 1685 1340 1755 umbrosis
1371 1706 1426 1772 per

140 1789 299 1873 Vogesum
322 1789 503 1871 praeprimis
526 1788 709 1866 inferiorem,
733 1788 766 1854 in
781 1788 996 1874 Sylva-nigra,
1019 1788 1051 1854 in
1074 1789 1163 1856 Saltu
1185 1790 1370 1876 thuringios,
1394 1793 1425 1858 in

138 1893 287 1970 Sudetis,
318 1893 351 1958 in
383 1913 459 1976 rupe
479 1895 615 1962 inorata
636 1894 675 1959 ad
699 1893 896 1959 Kritholt
918 1893 1104 1980 Pinzgoviac
1125 1896 1235 1983 (ipse),
1265 1897 1425 1978 initalia,

141 1997 223 2065 locis
246 1998 355 2063 multis
378 1998 522 2082 Augilas,
546 1999 667 2066 Scotiae
682 1998 775 2081 atque
789 1997 966 2078 Hiberniae,
988 1997 1022 2064 in
1043 1999 1101 2065 ins.
1125 1999 1194 2065 Moe
1217 2000 1351 2088 Norveg.
1375 2022 1424 2069 oo-

139 2103 202 2169 cid.
225 2103 300 2187 (An.
316 2105 448 2189 Burnn);
470 2103 594 2170 omnino
617 2104 702 2170 deest
724 2103 757 2168 in
773 2103 928 2171 montibus
943 2104 1109 2183 calcaneis3
1132 2123 1198 2174 var.
1214 2113 1235 2188 β
1250 2126 1344 2191 prope
1360 2110 1426 2174 Lo·

140 2228 253 2288 carseo,
275 2207 308 2272 in
330 2206 434 2273 Sectis
454 2208 494 2273 ad
517 2209 584 2274 Boo
615 2197 753 2272 Voirlict
774 2207 852 2292 legi;
876 2227 941 2276 var.
965 2235 983 2294 y
1005 2211 1044 2275 nd
1072 2211 1242 2278 Trootbeck
1263 2213 1295 2278 in
1326 2211 1426 2279 West-

139 2313 308 2378 morclcnct
331 2311 386 2378 alt.
411 2310 484 2376 300¹
517 2312 561 2398 (J.
583 2311 626 2378 Μ.
650 2313 808 2398 Breues„
840 2331 905 2378 var.
930 2319 949 2380 b
977 2313 1010 2379 in
1033 2315 1140 2382 tmnco
1170 2315 1294 2400 putrido
1318 2317 1425 2402 sylvae

140 2414 278 2498 Nealces
293 2434 340 2498 pr.
363 2415 608 2500 Argentoratum
631 2415 741 2502 (Sca).

231 2519 341 2586 alnae.
363 2527 480 2584 samur.
512 2519 648 2586 Octobri.
694 2518 845 2602 Capsulae
867 2520 989 2602 saepius
1011 2521 1133 2589 desunt.

230 2649 339 2708 Planta
362 2652 474 2720 tenera,
496 2649 676 2726 elegantnla,
698 2666 762 2708 eum
785 2649 878 2710 forma
901 2650 1010 2711 minore
1025 2649 1178 2713 Borbulce
1192 2655 1340 2715 tortuosae
1362 2672 1424 2714 me·
1510 2647 1521 2663 ‘

137 2735 233 2810 joram
257 2737 476 2797 similitudinem
499 2738 643 2812 praebens
666 2755 753 2812 quam
776 2755 842 2796 cum
864 2737 925 2796 ulla
947 2738 1005 2798 alie
1028 2739 1124 2812 specie
1140 2742 1265 2816 genens.
1297 2742 1424 2817 Capsula

140 2841 229 2898 saepe
252 2823 464 2900 angustissima
486 2824 584 2884 evadit
607 2824 805 2900 podicslloqns
829 2842 881 2884 suo
904 2824 953 2885 vix
975 2826 1108 2887 crassior.

472 3025 627 3111 Species
650 3027 770 3091 sctum
793 3026 952 3092 steriles
973 3034 1097 3093 notae.

501 3175 532 3233 8.
562 3172 785 3243 Didymodon
806 3173 1065 3234 recurvirolins.

545 3297 633 3356 Turn.
656 3297 686 3356 in
709 3297 801 3356 Wms.
825 3298 922 3375 Brpol.
946 3297 1020 3356 Brit.

227 3429 310 3494 Lare
341 3428 375 3494 et
405 3427 620 3513 irregulariter
651 3429 883 3513 caespitulosns.
928 3428 1033 3496 Gaulis
1058 3427 1141 3495 1-3
1167 3428 1293 3512 pollices
1325 3429 1422 3512 altus,

135 3531 465 3618 geniculato-euscius.
495 3533 583 3599 Folia
604 3553 622 3600 e
644 3533 711 3600 basi
733 3535 835 3602 erecta
856 3535 974 3618 patula,
998 3533 1078 3602 sicca
1100 3534 1245 3618 crispata,
1269 3553 1306 3601 sn
1329 3537 1422 3602 ovata

135 3637 186 3702 uel
210 3635 345 3721 oblonga
366 3635 437 3707 basi
458 3637 522 3703 lats
544 3637 728 3716 lanceolata,
749 3639 840 3706 acute
863 3637 1050 3718 acuminata,
1074 3637 1133 3706 alis
1154 3639 1300 3721 protende
1322 3638 1422 3707 undu·

134 3741 224 3818 latis,
247 3741 335 3807 costa
354 3740 440 3807 tenrd
455 3741 625 3810 semitereti
639 3741 758 3810 inferno
778 3741 888 3810 latiore
911 3743 943 3808 in
965 3743 1121 3826 apiculum
1143 3743 1315 3824 excedente,
1338 3741 1430 3810 mar?

135 3844 210 3930 gine
225 3845 276 3910 sat
290 3845 356 3911 late
370 3845 618 3926 luteo-limbata,
639 3864 808 3931 grossaque
822 3846 960 3926 dentata,
980 3846 1144 3914 denticulis
1159 3847 1338 3914 alternatim
1353 3866 1422 3915 ma·

132 3949 254 4034 joribus
278 3951 311 4015 et
332 3947 513 4029 minoribus,
537 3949 627 4017 basin
648 3969 755 4018 versus
777 3951 992 4036 magnitudine
1013 3949 1254 4017 diminuentibus
1270 3951 1337 4034 ipsa
1352 3950 1421 4019 basi

135 4052 287 4120 obsoletis
310 4053 360 4120 sel
382 4053 487 4135 nullis,
510 4054 669 4137 superficie
691 4053 898 4121 minutissime
920 4054 1087 4138 papillosa;
1115 4056 1190 4134 rete,
1214 4053 1342 4122 basilari
1364 4074 1421 4138 pa·

135 4177 206 4222 rnm
231 4157 295 4223 alte
317 4157 498 4240 procedente
520 4156 635 4225 laxiore
656 4157 781 4241 hyalino
804 4159 948 4242 excepto,
977 4157 1028 4223 vix
1049 4157 1239 4238 distinctum,
1261 4179 1279 4226 e
1300 4159 1420 4226 cellulis

136 4260 227 4326 ualde
249 4259 508 4345 chlorophpllosis
529 4261 880 4346 hexagono-rotundatis
894 4262 1070 4340 formatum,
1092 4261 1182 4328 limbi
1203 4261 1321 4329 cellulis
1343 4282 1420 4347 pau·

137 4363 213 4534 Ιιιιῖιὃ
225 4362 393 4447 majoribus
414 4367 466 4431 sat
481 4363 724 4450 pachpdermicis
748 4366 894 4434 leonibus.
925 4365 999 4434 Sola
1019 4367 1128 4450 planta
1150 4367 1282 4435 feminea
1304 4366 1420 4434 sterilis

138 4486 176 4534 no
235 4469 294 4537 est.

140 4587 375 4686 Didymodcn?
389 4590 613 4674 recuroifoliae
630 4591 727 4657 nsua.
742 4590 775 4658 in
790 4589 889 4658 W1ns.
905 4590 1010 4678 Brpol.
1025 4592 1107 4659 Brit.
1122 4613 1152 4678 p.
1166 4593 1238 4676 110,
1261 4593 1325 4661 an.
1336 4595 1420 4662 xnl.

226 4692 339 4758 Hctit.
362 4692 402 4759 ad
424 4693 541 4760 terram
563 4694 726 4763 humosam
748 4695 906 4763 humidam
926 4695 961 4763 in
982 4695 1059 4764 locis
1073 4695 1213 4781 abruptis
1227 4699 1278 4765 sel
1291 4717 1421 4767 moena-
