3290 5214
283 343 348 402 LVI
841 344 1011 401 Introductis

283 521 378 588 Flora
399 521 581 606 bryologica
601 521 749 587 montana
770 520 870 588 multo
892 521 990 606 magis
1013 541 1031 586 a
1046 521 1202 605 subalpina
1216 521 1320 586 differt
1334 543 1428 605 quam
1444 543 1462 587 a
1478 543 1561 588 cam-

283 626 392 710 pestri,
417 645 486 692 oum
503 643 562 709 qua
582 624 686 709 sylvas
709 622 877 702 frondosas,
893 625 997 710 vvalles
1020 626 1084 695 late
1099 627 1239 708 patentes
1255 626 1414 692 arboribus
1430 627 1564 692 conden-

285 749 346 809 sas,
370 729 536 814 paludosa,
559 728 713 806 turlaoea‚
736 727 818 793 haud
841 747 909 795 raro
933 713 1074 795 rudereta
1098 731 1129 794 et
1151 730 1271 813 saepius
1292 729 1361 795 looa
1384 730 1563 794 hommibm

286 834 372 899 culta
394 835 427 900 et
450 833 591 918 inprimis
615 832 795 916 temperiem
817 852 872 916 pro
895 835 983 916 parte
1004 833 1176 900 eommunia
1197 834 1298 898 habet.

370 934 495 1020 Species
517 953 595 1019 quae
617 935 736 1020 regioni
759 936 884 1002 nostrae
906 955 941 1002 ac
965 938 1128 1020 campestri
1144 956 1317 1003 communes
1333 941 1407 1002 sunt
1424 937 1455 1001 iu
1472 959 1563 1022 prae·

282 1039 408 1107 sedente
431 1039 625 1125 paragrapho
649 1039 835 1118 enumeravi,
858 1035 981 1106 immina
1003 1059 1106 1105 earum
1130 1059 1206 1123 quae
1226 1039 1382 1124 eregione
1398 1041 1563 1125 subalpina

282 1147 315 1211 et
336 1145 442 1228 alpina
465 1127 497 1210 iu
520 1145 699 1210 montanam
722 1143 985 1228 immigreveruut,
1009 1144 1060 1210 bia
1082 1145 1261 1227 sequuntur:

348 1265 589 1333 Dioranoweisia
611 1264 755 1348 crispula.
1000 1264 1130 1330 Webera
1155 1263 1317 1329 ououllata.

348 1369 517 1435 Dioranum
540 1367 667 1446 Starkii,
1000 1368 1118 1432 Maium
1142 1368 1306 1451 spinosum,

492 1471 700 1556 longilolium,
1142 1470 1369 1556 subglobosum.

491 1574 622 1641 Sauleri·
1000 1591 1173 1657 Bartramie
1194 1589 1380 1668 Halleriaua,

348 1697 560 1770 Dasmatodon
583 1697 737 1764 lavicans.
1144 1693 1261 1760 Ooderi·

349 1803 484 1870 Barbula
505 1803 656 1869 tortuosa.
1001 1817 1134 1882 Timmia
1156 1816 1316 1882 austriaca.

347 1905 585 1975 Orthotriohssm
607 1903 746 1984 sturmii,
1001 1919 1228 2006 Oligotriobum
1250 1918 1461 2004 heropnicum.

490 2009 678 2096 urnigefflm·
1002 2023 1237 2090 Orthotbeoium
1260 2021 1425 2101 missusne,

346 2131 499 2200 Grimmia
522 2134 623 2198 ovata.
1142 2128 1330 2192 intricatum·

346 2237 572 2305 Raoomitrium
596 2235 778 2314 sudotieum,
910 2299 923 2334 ι
1001 2251 1117 2316 Leskea
1140 2268 1276 2314 nervosa.

490 2339 681 2418 fasciculam,
1002 2353 1226 2418 Pseudoleskea
1249 2351 1448 2428 atro-virens,

490 2443 725 2528 mierooarpum.
1145 2456 1328 2522 catenulata.

345 2561 533 2644 Splaolmum
559 2563 762 2645 sphaericum.
1001 2577 1259 2662 Bracl1ytheeium
1284 2575 1444 2660 plicatum.

346 2663 492 2748 Tayloria
514 2667 642 2743 serrata,
1001 2682 1145 2766 Hypnum
1169 2680 1298 2756 Helleni,

492 2767 716 2851 splaolmoides.
1143 2781 1321 2865 pallescens,

347 2885 479 2950 Webera
503 2889 702 2953 commutata.
1144 2883 1255 2949 fertile.

373 3021 552 3089 Notandum
576 3027 624 3090 ost
647 3025 763 3110 species
786 3025 842 3090 has
866 3025 929 3090 fere
952 3043 1057 3090 omnes
1078 3021 1119 3086 ad
1142 3021 1288 3086 terminos
1312 3023 1487 3104 superiores
1513 3023 1577 3088 hu·

277 3125 365 3209 juste
395 3125 531 3210 regionis
561 3129 722 3212 provenire
746 3131 778 3194 et
801 3147 913 3212 paucas
938 3127 1130 3194 solummodo
1154 3125 1184 3189 iu
1207 3125 1272 3209 ejus
1295 3126 1384 3208 parte
1409 3125 1515 3192 media
1542 3136 1573 3192 ot

281 3227 434 3308 interiore,
457 3227 509 3294 ubi
533 3230 713 3316 plerumque
729 3231 851 3298 steriles
871 3230 1078 3297 invenirmtur.
1111 3229 1187 3294 tum
1211 3247 1286 3294 aona
1309 3227 1497 3294 intermedia
1516 3251 1576 3295 au-

281 3330 345 3395 tem
369 3349 475 3398 versus
497 3335 736 3418 septentrionem
761 3335 908 3419 procedit,
932 3335 967 3398 ut
991 3333 1021 3398 in
1046 3331 1177 3411 Sudetis,
1202 3331 1301 3396 Musei
1323 3331 1481 3415 subalpini
1499 3355 1575 3400 eum

281 3434 437 3502 montanis
459 3437 560 3522 magis
583 3439 742 3524 magisque
766 3439 1013 3516 commiscentur,
1038 3439 1069 3502 et
1093 3437 1124 3501 iu
1149 3455 1225 3502 zoua
1241 3435 1480 3518 septentrionali
1508 3459 1574 3504 uon

283 3555 371 3603 rarae
395 3541 468 3604 suut
491 3541 617 3624 species,
643 3561 720 3625 quae
743 3562 759 3609 e
783 3560 903 3608 summa
926 3541 1051 3626 regione
1074 3539 1178 3624 alpina
1200 3540 1232 3603 et
1247 3537 1446 3622 supraalpiua
1471 3559 1578 3624 usque

282 3641 321 3706 ad
342 3641 509 3708 terminum
530 3645 672 3712 intimum
695 3646 832 3732 regionis
856 3647 1020 3710 montanae
1042 3643 1240 3720 descendunt,
1265 3642 1296 3706 et
1319 3641 1351 3706 iu
1367 3641 1469 3726 ipsam
1487 3665 1581 3710 caur-

285 3745 419 3828 pestrem
442 3745 626 3832 irmmpunt.

724 3909 804 3978 §.o-3.
849 3908 941 3983 Regio
965 3907 1130 3981 subalpina.

372 4035 539 4120 Subalpiua
563 4041 691 4103 vocatur
714 4038 798 4123 regio
822 4057 909 4122 quae,
933 4039 1111 4104 montanam
1135 4037 1216 4102 iuter
1238 4039 1269 4102 et
1294 4036 1430 4120 alpinam
1452 4039 1581 4122 jacens,

284 4137 426 4204 alimite
450 4139 524 4224 Pagi
547 4141 770 4207 arborescentis
801 4141 840 4206 ad
873 4141 1037 4207 torminum
1066 4143 1255 4226 superiorem
1279 4141 1402 4206 abietis
1426 4163 1500 4208 sese
1528 4167 1581 4210 er-

285 4239 394 4306 tendit.
442 4241 500 4306 Per
532 4243 686 4326 regionem
720 4245 799 4310 bauo
822 4245 940 4330 Fagus,
973 4244 1025 4310 ubi
1048 4245 1208 4328 provenit,
1242 4243 1298 4310 sub
1320 4243 1420 4310 iorma
1446 4245 1581 4314 lrulieis

149 4343 154 4352 '
285 4341 483 4425 conspicitur,
510 4343 604 4408 Pinus
628 4345 721 4410 Abies
744 4346 847 4413 locum
869 4347 904 4411 P.
930 4347 1039 4412 Piceno
1062 4349 1163 4424 tenet,
1189 4348 1224 4412 P.
1249 4347 1340 4412 Larix
1365 4351 1397 4413 et
1421 4349 1459 4414 Ρ.
1484 4351 1583 4418 Cone

285 4445 339 4510 bru
362 4445 426 4511 suis
450 4445 525 4512 loeis
559 4449 685 4531 pulalrro
719 4451 841 4536 vigent;
870 4451 902 4516 iu
932 4469 1007 4517 aona
1031 4451 1267 4534 septentrionali
1290 4451 1404 4516 lletula
1428 4451 1502 4518 alba
1536 4459 1581 4524 l...

285 4547 364 4612 unde
388 4548 481 4614 otiam
507 4551 590 4634 regio
614 4551 750 4616 betulina
774 4555 915 4630 vocatum
939 4553 1091 4618 montium
1114 4555 1275 4620 eacumina
1298 4553 1380 4620 baud
1399 4575 1471 4620 raro
1489 4563 1582 4626 orsini

286 4653 391 4716 carent
414 4651 610 4736 vegetatione
633 4655 801 4738 sylvatiaa,
835 4657 928 4738 atque
958 4655 1079 4738 pasoms
1104 4656 1151 4722 vol
1172 4656 1204 4722 in
1226 4657 1380 4742 depressis
1406 4659 1581 4743 paludibu-
