3388 5218
572 233 580 250 ⁹
701 249 875 320 usuum.
1335 247 1425 322 mi

137 428 273 515 reperies
312 450 406 514 quam
437 433 552 518 speeies
585 433 696 502 adsunt
726 435 915 502 Musoornm.
961 433 1144 501 Lomoolcti
1174 435 1247 502 sunt
1270 434 1308 504 in
1330 455 1423 520 genn.
1633 390 1635 466 l

139 536 355 619 ueterrimo,
378 537 568 623 Zypodootc,
591 539 748 624 Sploclmo
764 557 790 604 e.
806 558 853 614 a.;
876 539 1199 624 eunpuotcocoolctt
1214 541 1284 622 plus
1303 541 1423 608 minus·

137 658 196 720 que
219 639 384 721 spiculati,
407 642 438 706 in
455 643 619 728 Bryocois,
643 643 847 727 Hypsaeum
868 644 995 708 loricati
1016 643 1047 706 in
1068 641 1245 726 Toylorloo,
1270 643 1423 710 Festino·

138 743 179 809 lis
202 747 235 808 et
258 745 415 810 nonnullis
438 745 509 812 aliis
532 745 706 838 speciebus,
727 745 894 829 filisormos
917 747 947 811 in
972 746 1138 828 Bortalis,
1161 748 1271 814 multis
1298 748 1424 814 Tricho-

139 849 248 912 stomia
255 869 269 926 ;
292 847 432 912 salutati
447 849 478 913 in
494 849 709 930 Rocomo'triis,
725 850 882 916 nonnullis
902 850 1141 930 Tautantum
1156 851 1423 936 ltapulooformos,

140 950 170 1015 in
195 950 463 1034 Paupertatem„
492 957 631 1020 ommate·
652 953 684 1019 in
707 954 856 1020 Faueria
877 953 1082 1038 suscitatori,
1116 953 1147 1020 ia
1178 955 1294 1022 Weiaio
1324 955 1423 1020 Wim·
1641 954 1642 1032 l

141 1075 287 1119 monam
311 1073 337 1121 a.
361 1075 390 1121 a
1322 1117 1325 1126 Δ

228 1157 439 1242 longitndine
461 1178 521 1225 non
542 1160 646 1226 minua
669 1159 790 1226 variant
812 1178 904 1242 qnam
927 1159 1043 1228 torma:
1070 1160 1177 1226 tantm
1200 1161 1284 1228 enim
1307 1161 1424 1228 insani·
1643 1196 1645 1244 p

143 1263 236 1328 untur
259 1261 314 1342 qui
336 1261 388 1326 vix
409 1281 504 1346 supra
526 1263 670 1345 capsulae
684 1261 835 1330 orificium
852 1262 997 1342 eminent,
1018 1262 1075 1328 olii
1090 1261 1143 1346 qui
1157 1265 1302 1348 capsulae
1318 1264 1420 1350 longi·
1644 1253 1646 1319 l

145 1363 260 1428 tudinis
290 1365 455 1447 quartam,
492 1365 649 1432 dimidiam
685 1367 805 1449 partem
841 1368 874 1430 et
901 1366 987 1432 ultra
1018 1368 1168 1448 aequant,
1206 1367 1238 1432 in
1270 1367 1423 1452 Toylorta
1646 1356 1647 1390 ¹

144 1467 345 1550 sptoctaoido
366 1469 465 1534 totam
488 1468 550 1534 tera
570 1468 795 1552 longitudinem
817 1467 882 1551 ejus
904 1468 1074 1553 attingunt.

227 1571 344 1636 Dentes
360 1572 475 1655 iutopri
496 1574 580 1648 sunt,
604 1573 640 1637 ut
661 1571 693 1636 in
708 1571 887 1656 Sploolooia,
912 1571 1129 1655 Ortlootro'ohio,
1154 1573 1268 1658 Bryo's,
1292 1573 1423 1660 Hypnia

145 1691 171 1737 o.
194 1693 234 1738 m.
257 1693 303 1750 a.;
326 1675 365 1740 ao
389 1675 522 1740 medium
544 1693 641 1757 nsque
662 1675 761 1758 bifidi,
784 1676 820 1740 ut
843 1674 874 1739 in
897 1673 1062 1740 Dioroots.
1087 1675 1294 1758 Dioroosltis,
1318 1677 1422 1743 Fissi-

147 1777 295 1858 clcntitus,
318 1777 531 1862 Iaewotryto,·
553 1778 591 1844 ad
607 1777 694 1844 basin
710 1796 808 1860 usque
831 1779 867 1842 ut
889 1777 921 1844 in
937 1777 1184 1862 Ptpctomitriis,
1206 1779 1422 1860 Raooooo'triia,

152 1879 379 1946 ltictostomia.
425 1880 540 1946 Dentes
563 1880 648 1946 bifidi
670 1901 689 1948 a
709 1880 876 1966 geminatis
899 1879 987 1946 facile
1002 1880 1224 1964 inaequalitate
1239 1882 1421 1948 latinianum

147 1981 389 2067 intinguuntur.
421 1983 537 2050 Dentes
560 1985 713 2050 caeterum
738 1982 937 2050 inveniuntur
959 1984 1065 2066 locari,
1088 1985 1178 2050 utin
1194 1983 1421 2052 Desmotodon·

148 2089 186 2150 tis
207 2087 364 2168 speciebus
385 2086 560 2164 nonnullia;
592 2087 727 2152 oritroat
749 2087 785 2150 ut
807 2085 838 2150 in
863 2086 1023 2152 Grimmo‘o
1044 2087 1225 2168 (Sotiatid.)
1247 2107 1422 2172 opocarpo,

149 2189 178 2254 in
202 2189 423 2254 mussolento
441 2190 618 2274 pulviculo,
641 2189 672 2254 in
697 2189 870 2256 Oirools'doto
890 2189 1099 2272 [muiaoloido
1120 2211 1145 2256 e.
1169 2210 1197 2258 a.

229 2293 266 2357 In
287 2291 484 2374 paucissimis
506 2291 682 2374 superficies
712 2291 835 2358 omnino
862 2291 959 2358 laesis
981 2292 1179 2378 conspicitur,
1202 2295 1238 2360 ut
1260 2293 1292 2358 in
1308 2295 1420 2378 Salspo-

150 2397 274 2476 mosis,
306 2395 546 2480 Splootooooia,
579 2395 842 2480 Polytrtotoeeio;
875 2392 906 2461 in
938 2395 1091 2478 plerisque
1112 2399 1220 2464 contm
1242 2416 1301 2463 non
1324 2398 1423 2464 solnm

149 2497 234 2564 heis
257 2497 515 2564 transversalibus
538 2498 740 2582 prominnlis,
769 2499 1004 2564 animatum
1027 2500 1204 2578 nominatis,
1227 2500 1423 2580 tmbsoulati,

151 2599 305 2666 estotim
321 2600 462 2686 granulis
478 2600 664 2685 pupillisque
678 2601 853 2684 exasperati
869 2600 1073 2685 reperiuntur,
1096 2605 1133 2668 ut
1153 2602 1185 2668 in
1203 2603 1424 2686 Orttotriotia,

158 2703 263 2782 Ulotia,
283 2705 445 2785 Bortslts,
472 2704 704 2788 litotostomia,
727 2707 759 2770 et
781 2725 841 2772 non
856 2704 944 2788 pauci
960 2707 1033 2770 sunt
1048 2723 1178 2788 quorum
1195 2705 1287 2772 nores
1299 2705 1420 2774 interm

69 2811 74 2824 ’
151 2805 306 2874 lamellosa
326 2807 442 2884 evadit,
465 2807 553 2872 utin
576 2807 685 2874 multis
709 2809 861 2892 Bryooois
884 2808 976 2890 atque
999 2806 1193 2892 Hypsaeois.

219 2907 322 2976 .Color
342 2911 482 2978 dentum
504 2929 564 2976 non
587 2911 688 2976 minus
712 2911 814 2976 veriat
836 2929 928 2992 quam
951 2909 1050 2976 forma
1072 2911 1104 2976 at
1126 2910 1317 2994 magnitudo.
1348 2911 1422 2976 Jam

154 3015 219 3079 anta
248 3016 461 3084 maturitatem
489 3019 522 3082 ot
543 3015 619 3082 dum‘
639 3015 766 3098 capsula
788 3017 857 3081 tota
879 3015 978 3080 adhuc
1004 3015 1121 3092 sucat,
1150 3013 1257 3081 uenus
1287 3016 1419 3082 colorem

154 3114 278 3182 induunt
291 3118 458 3201 proprium,
482 3119 615 3202 primum
632 3118 820 3196 dilutior-om,
842 3117 968 3184 subinde
984 3115 1201 3185 saturatiorom
1224 3119 1256 3184 et
1277 3135 1331 3200 pro
1353 3135 1423 3200 spa·

154 3218 260 3286 tisrnm
280 3215 430 3289 varietate
451 3220 533 3286 inter
555 3221 716 3302 lacteolam,
736 3219 972 3304 sscaceacontom,
995 3221 1193 3300 rutilorotom,
1211 3241 1424 3306 purpureum,

155 3321 183 3384 et
202 3322 482 3410 otro-pospuroum
503 3323 677 3402 ludentem,
700 3323 746 3390 sie
766 3323 798 3388 in
813 3341 904 3408 genn.
919 3321 1171 3400 Dootnotodootc,
1193 3322 1323 3410 Hypso,
1346 3323 1421 3390 Los-

156 3421 206 3486 loo
225 3425 358 3492 luteolus
380 3427 431 3493 vol
452 3427 607 3494 lutssoens
629 3426 836 3509 conspicuum
856 3426 1034 3508 fusccsocos
1048 3424 1081 3489 in
1099 3425 1217 3492 Messio
1238 3428 1270 3492 et
1292 3425 1424 3492 nonnul·

155 3523 191 3590 lis
206 3525 465 3614 Purpureum,-
486 3530 624 3596 restans
641 3529 672 3594 in
687 3529 947 3609 Bactromiaooia,
970 3528 1033 3608 ubi,
1049 3526 1132 3592 utin
1147 3527 1302 3594 nonnullis
1318 3527 1422 3613 Brya-

157 3631 220 3710 cois,
241 3631 443 3718 Hypuoooo's,
469 3633 518 3698 nal
542 3631 818 3698 montaniacum
841 3631 890 3697 vol
911 3631 942 3696 in
959 3649 1163 3716 purpureum
1185 3629 1266 3707 abit;
1294 3651 1424 3715 purpo-

159 3753 225 3800 rtuo
245 3735 277 3800 in
297 3736 441 3803 omnibns
465 3736 527 3802 lore
549 3736 770 3818 Dicraoooeis,
793 3735 824 3800 in
848 3733 1089 3814 lissidontitoa,
1112 3733 1272 3816 Bortulis,
1299 3733 1426 3798 racto

158 3840 256 3904 atomis
278 3842 350 3918 etc,
380 3849 650 3926 atro-purpureus
679 3840 711 3904 in
745 3838 966 3924 Sploohnaoeis
995 3835 1197 3918 quibusdam,
1220 3835 1253 3900 in
1275 3835 1425 3922 Ptorppo·

155 3939 270 4024 plato,
290 3942 454 4010 Fontinali
475 3945 534 4010 etc.

237 4045 382 4114 Dsntium
414 4047 541 4113 tireetm
572 4047 637 4113 alia
664 4048 712 4113 ast
734 4063 804 4112 enm
826 4046 968 4130 operculo
991 4043 1127 4124 obtenti,
1158 4043 1221 4110 alia
1242 4061 1312 4110 eum
1335 4043 1424 4110 liberi

160 4143 334 4231 tumoreque
356 4149 502 4226 inhibiti,
525 4148 588 4216 alia
610 4167 679 4216 cum
702 4146 848 4214 exsiccati
869 4146 1109 4230 conspiciuntur.

238 4250 387 4332 Oporcnlo
409 4251 522 4318 frenati
544 4252 651 4320 lentas
672 4249 932 4318 erepto-inclinati
948 4251 980 4316 in
995 4267 1105 4315 conum
1122 4247 1170 4314 rel
1186 4247 1304 4314 tholum
1320 4249 1426 4316 conni-

161 4352 240 4431 rant,
261 4355 292 4420 in
313 4355 388 4422 solis
412 4355 564 4422 Bortatia
585 4355 667 4420 lunis
689 4353 728 4420 ad
750 4353 849 4418 instar
871 4351 1027 4418 convoluti
1049 4352 1243 4436 assurgunt,
1258 4351 1291 4416 in
1315 4349 1427 4416 Fano·

162 4453 215 4518 rtis
232 4455 351 4539 oblique
373 4457 406 4522 in
428 4457 687 4540 hemisphaerium
710 4454 958 4540 congrediuntur.
996 4451 1147 4538 Oparcule
1168 4450 1291 4520 liberati
1316 4471 1427 4520 aurae-

163 4571 214 4640 que
234 4558 350 4628 sicciori
371 4558 597 4628 uroumllnanti
618 4559 769 4646 expositi,
791 4557 989 4624 massonem
1010 4555 1196 4644 pristinam,
1220 4555 1258 4622 ob
1279 4572 1426 4644 magum
