3388 5218
290 337 370 394 xm
848 333 1023 392 Introductio.

290 533 386 594 atero,
411 511 619 592 Oriboirr'cbo,
643 509 880 595 Ptycbomr'tric,
904 510 951 576 rel
976 527 1083 575 conum
1108 509 1356 591 campanulatum
1378 509 1469 575 valde
1483 507 1570 575 elon-

290 618 399 702 gatum
421 615 620 682 exstinctoria
643 613 788 694 similem,
811 614 888 680 unde
910 614 1220 696 exstinctor-tifernae
1244 613 1568 678 11111111111111-

291 721 419 806 cclpplo
441 720 473 784 et
498 718 734 796 Scblolbeimr'o,
767 717 818 784 ubi
840 717 979 801 calyptre
1003 717 1081 782 baud
1104 735 1174 782 raro
1197 717 1262 783 basi
1285 717 1441 801 eleganter
1462 717 1570 783 ciliata

291 823 486 906 conspicitur.
539 821 730 886 Vesicolorr'e
761 821 866 886 eradit
897 821 1037 903 calyptro
1061 819 1167 902 junior
1189 821 1220 885 iu
1244 819 1384 887 omuibus
1408 821 1570 886 Foncrio-

290 931 372 1009 ceis,
395 927 544 1010 angulosa
567 925 598 990 in
620 945 710 1010 genn.
735 925 883 990 Ferraria
912 927 944 992 at
967 925 1199 1010 Pyramidulo,
1232 927 1568 991 assecurari-coactata

291 1031 397 1098 adulta
418 1031 450 1095 in
474 1029 622 1112 b‘oearsa
644 1030 676 1094 et
698 1029 952 1109 Enioatlrodootc,
976 1028 1273 1094 lobreto-ocsicolaria
1296 1031 1328 1094 iu
1345 1029 1571 1114 Physcomilrii

291 1135 391 1200 tructo
414 1136 544 1200 maturo.
590 1133 626 1198 ln
651 1134 866 1218 Pyramidolo
894 1135 987 1216 atque
1019 1135 1217 1218 Colpmperc,
1248 1133 1299 1198 ubi
1332 1135 1454 1218 integra
1490 1133 1571 1198 inira

292 1239 452 1320 capsulam
484 1237 608 1318 defluit,
637 1235 835 1320 pedioelliquo
869 1240 988 1319 partam
1028 1237 1214 1320 superiorem
1250 1239 1333 1302 arcte
1365 1237 1571 1318 amplectitur,

293 1341 396 1408 fructu
418 1343 542 1406 maturo
563 1341 662 1407 latere
684 1338 814 1406 dehiscit
838 1342 873 1406 ut
896 1341 994 1423 sporis
1016 1341 1117 1407 exitus
1139 1342 1238 1406 detur.

381 1443 546 1529 Calyptraa
568 1463 639 1526 pars
663 1444 802 1526 superior
823 1444 922 1510 rarius
945 1444 1134 1510 verticaliter
1149 1446 1251 1510 erecta
1266 1445 1380 1528 absque
1395 1445 1461 1510 ulla
1476 1443 1570 1510 decli·

293 1548 417 1616 natione
439 1547 607 1612 invenitur.
652 1547 697 1613 Ut
729 1547 899 1630 plurimum
930 1551 1038 1614 contra
1070 1548 1227 1632 superiora
1257 1567 1364 1613 versos
1387 1549 1500 1614 sensim
1523 1548 1571 1612 in-

291 1654 438 1720 curvatur
456 1651 542 1732 apice
564 1650 741 1732 plerumque
764 1650 904 1716 deorsum
927 1653 1102 1734 spectante,
1127 1671 1254 1718 acumen
1276 1652 1324 1717 vel
1347 1653 1484 1718 rostrum
1507 1651 1572 1736 ejus

292 1754 492 1822 directionem
514 1754 646 1838 operculi
670 1755 718 1820 cui
741 1753 853 1821 insidet
875 1754 1044 1821 necessarie
1069 1756 1217 1838 sequitur.
1263 1755 1376 1821 Exacto
1399 1756 1502 1822 erecta
1524 1756 1572 1820 est

291 1861 325 1926 iu
347 1858 480 1943 capsulis
503 1858 710 1942 symmetricis
732 1859 843 1924 erectis
858 1860 1001 1941 operculo
1026 1859 1197 1926 rectirostri
1213 1859 1384 1939 instructis,
1407 1878 1452 1924 ex.
1475 1879 1523 1944 gr.
1540 1859 1572 1922 in

292 1962 499 2047 Encalpptr's,
531 1960 740 2027 Ortbotricbis
750 2011 760 2044 ,
783 1963 1006 2040 Recoroitriie‚
1037 1963 1159 2045 obliqua
1181 1965 1212 2029 et
1235 1963 1435 2030 horizontalis
1457 1963 1490 2028 11
1513 1963 1572 2027 Di·

292 2069 408 2142 croois,
435 2066 560 2146 Portas,
583 2065 735 2131 Bardulis
758 2085 784 2131 e.
807 2085 836 2131 a.

380 2169 562 2236 Membrana
593 2189 610 2235 e
641 2190 702 2254 qua
731 2171 872 2255 calyptra
899 2169 1032 2237 efficitur
1063 2171 1196 2236 ecariosa
1219 2171 1289 2254 plus
1312 2171 1450 2236 minuere
1473 2171 1573 2236 solida

292 2275 350 2352 ast,
373 2291 443 2338 raro
459 2273 705 2354 snbsucculenta‚
727 2274 869 2340 inferiore
889 2276 976 2357 parte
998 2294 1034 2340 ex
1057 2293 1127 2354 nuo,
1150 2275 1237 2358 apice
1258 2277 1419 2340 attenuato
1443 2276 1574 2357 eplnri-

292 2379 350 2444 bas
373 2377 555 2444 cellularum
578 2379 688 2446 stratis
711 2379 883 2444 efformata.
928 2377 1107 2461 Superticies
1130 2381 1227 2444 loceris
1249 2381 1281 2444 et
1303 2382 1405 2461 11111,
1429 2381 1573 2465 111911-

292 2481 351 2547 bro
373 2482 393 2547 i.
418 2501 443 2548 e.
468 2483 533 2548 sina
556 2481 657 2567 plicis,
680 2484 765 2568 rugis
789 2483 820 2548 et
842 2482 915 2565 pilis
939 2485 1091 2566 reperitur
1112 2484 1145 2548 iu
1167 2484 1301 2548 maximo
1324 2483 1499 2548 Muscorum
1516 2504 1575 2549 nu·

294 2603 388 2664 mero,
410 2585 441 2650 in
463 2585 564 2651 multo
587 2586 705 2652 minore
728 2587 898 2665 1111111111,
926 2587 1118 2670 plicatilem,
1146 2587 1286 2672 pilosam
1317 2585 1379 2651 rel.
1396 2586 1575 2652 indumento

293 2689 402 2755 odioso
425 2691 541 2754 tectam
564 2709 631 2755 eam
655 2690 836 2756 invenimus.
882 2689 982 2756 Sulcis
1005 2689 1296 2774 longitudinalibus‚
1329 2689 1426 2772 plicas
1447 2691 1574 2756 taudem

295 2811 363 2860 sese
384 2791 635 2859 contrahentibus
658 2793 871 2873 formantibus,
894 2793 1042 2876 profunde
1065 2794 1184 2860 sulcata
1210 2794 1395 2877 conspicitur
1410 2791 1441 2858 iu
1459 2791 1576 2858 Ortio-

294 2899 421 2978 tricbr'a,
460 2899 576 2982 illotis,
609 2899 848 2984 Plycbomitriia
858 2948 868 2980 ‚
891 2919 951 2982 quo
975 2899 1011 2964 ot
1033 2901 1068 2964 ut
1090 2898 1246 2982 capsulam
1269 2898 1383 2964 arctius
1405 2897 1577 2982 amplecta-

293 3003 346 3068 tur
367 3001 453 3084 aiqne
468 3001 589 3086 longius
605 3003 779 3070 adhaereat.
813 3001 849 3068 ln
870 3001 979 3070 iisdem
1002 3003 1179 3087 plerumque
1201 3003 1272 3086 pilis
1288 3003 1406 3081 erectis,
1428 3003 1461 3067 in
1478 3003 1577 3088 Lepi·

296 3107 402 3192 depilo
424 3107 594 3189 squamulis
618 3106 793 3190 obtegitur,
816 3105 847 3171 iu
870 3107 1002 3172 Atriclro
1024 3107 1111 3190 apice
1134 3106 1279 3190 spinulis,
1304 3107 1335 3172 iu
1361 3107 1577 3174 Dolionioccis

296 3209 450 3278 nonnullis
473 3211 598 3277 exoticis
620 3211 690 3277 tota
719 3207 877 3293 superficie
907 3210 1030 3294 papillis
1060 3211 1266 3294 exasperatur.
1312 3211 1578 3295 Polpiricborom,

298 3317 543 3402 Pompeiorum,
566 3316 815 3382 Doroeoaiarom
830 3315 971 3398 calyptra
984 3315 1105 3381 minuta
1119 3315 1272 3381 cucullata
1287 3314 1360 3396 pilis
1375 3313 1577 3398 longissimis

298 3439 314 3486 e
336 3420 423 3502 parte
446 3417 604 3502 superiore
625 3418 835 3495 nascentibus,
859 3418 1008 3496 ramosis,
1031 3415 1284 3502 dependentibus,
1307 3435 1427 3482 comam
1449 3417 1577 3485 densam

299 3521 500 3589 efficientibus
532 3523 607 3588 adeo
637 3521 746 3588 obruta
777 3522 843 3598 est,
875 3522 910 3585 ut
939 3539 999 3586 nou
1034 3521 1133 3586 solum
1161 3539 1197 3588 ea
1218 3519 1286 3602 ipsa
1308 3519 1359 3586 sed
1382 3521 1477 3586 etiam
1509 3523 1578 3588 tota

300 3624 424 3706 capsula
445 3623 548 3689 tonica
570 3623 680 3690 villosa
700 3623 975 3689 circumvestiatnr.
1021 3623 1247 3708 Tegumentum
1270 3624 1327 3690 hoo
1348 3623 1464 3688 tirones
1488 3645 1578 3708 saepo

301 3745 356 3810 pro
378 3745 450 3792 vera
472 3727 614 3812 calyptra
636 3727 750 3794 babent
780 3725 1011 3811 calyptramque
1034 3727 1134 3810 ipsam
1158 3727 1195 3794 ob
1218 3727 1418 3812 exiguitatem
1441 3731 1579 3812 praeter·

303 3831 409 3898 vident
431 3829 523 3916 (Vide
546 3849 600 3914 pro
622 3831 779 3914 calyptrae
801 3829 908 3896 formis
931 3829 1071 3908 dirersis,
1094 3831 1201 3896 Icoaes
1223 3831 1298 3898 111.
1323 3829 1393 3916 111.)

638 4009 664 4079 5.
689 4009 717 4067 3.
759 4009 801 4068 De
823 4008 960 4084 capsulae
983 4009 1079 4070 indole
1102 4010 1242 4086 generali.

388 4141 537 4226 Coponio,
559 4139 712 4206 nonnullis
733 4139 828 4218 abaco,
852 4139 923 4206 aliis
939 4143 1146 4226 sporcnpiom
1168 4141 1261 4218 dioto,
1285 4141 1403 4208 tructus
1427 4161 1499 4226 pars
1523 4143 1579 4210 illo

299 4243 475 4311 essentialis
498 4246 546 4309 est
568 4263 644 4328 qnae
667 4244 858 4328 propagulo,
882 4266 996 4329 aporos
1019 4245 1135 4326 dictas,
1159 4245 1190 4310 ln
1213 4245 1355 4310 contextu
1379 4265 1434 4312 suo
1457 4247 1579 4314 intorno

300 4348 442 4416 efformet
470 4349 687 4431 allormataque
713 4346 752 4413 ed
774 4347 991 4430 dispersionem
1015 4367 1119 4414 eorum
1142 4367 1237 4431 usque
1259 4347 1351 4415 soret.
1397 4349 1483 4414 Duae
1507 4369 1579 4434 cap·

301 4451 385 4518 sulae
407 4452 510 4536 partes
533 4451 663 4518 examini
685 4451 912 4517 submittendae
928 4453 1010 4530 sunt,
1033 4455 1157 4518 externa
1172 4469 1280 4534 nempe
1304 4470 1356 4518 eeu
1380 4451 1579 4536 pericarpica‚

297 4556 460 4640 periclitam
482 4573 500 4622 a
523 4555 673 4622 botanioie
695 4554 850 4620 nonnullis
873 4555 1040 4634 nominata,
1063 4555 1241 4638 interneque
1265 4573 1317 4620 seo
1340 4575 1527 4640 appropero.

391 4659 690 4746 0111111111111,
713 4658 761 4724 rol
785 4655 933 4724 11111111
956 4658 1153 4744 sporangium
1176 4660 1344 4738 11111111,
1368 4657 1435 4741 ipse
1456 4659 1579 4744 quidem
