3268 5218
761 266 1038 338 Physcomitrieideae.
1168 243 1170 247 ,

737 670 955 807 Series
1000 672 1058 805 Ι.

659 933 1137 1091 Acrocarpac.

801 1191 927 1292 Ordo
958 1193 996 1291 1.

747 1376 1053 1496 Oleictocarpae.

348 1557 481 1650 Capsula
503 1567 573 1649 post
595 1565 809 1632 maturitatem
831 1565 868 1632 dc
890 1565 1036 1647 pedieallo
1057 1567 1105 1632 vel
1129 1587 1257 1632 unacum
1280 1586 1316 1633 eo
1341 1569 1475 1654 integra
1498 1573 1553 1636 de·

261 1673 358 1750 cidua,
381 1671 504 1740 tandem
528 1671 565 1738 ad
589 1690 696 1754 spemn
718 1671 903 1738 emittendas
925 1669 1137 1754 irregulariter
1159 1671 1327 1737 dehiscens.

348 1776 537 1842 Divisionem
567 1775 644 1842 hanc
665 1777 782 1840 retineo
805 1777 871 1841 tarn
893 1776 931 1842 ob
954 1776 1204 1842 commoditatem
1227 1777 1361 1842 tironum
1388 1797 1491 1860 quarn
1515 1779 1553 1842 ot

260 1882 507 1949 incertitudinem
538 1879 635 1963 quoad
665 1879 767 1945 sedem
790 1878 1067 1962 Oleistocarporum
1095 1882 1308 1947 nonnullorum
1332 1882 1417 1948 inter
1435 1883 1551 1968 Stego

260 2003 382 2068 carpos:
414 2003 449 2050 ex
477 2003 523 2068 gr.
549 2001 619 2067 gen.
649 1982 808 2047 Pleuridii
833 1985 865 2048 et
888 1983 1046 2063 Arctidii,
1083 2004 1159 2066 quae
1186 1986 1224 2052 ad
1247 1985 1467 2054 Dicranacoas
1503 2009 1552 2053 re-

258 2089 376 2164 lerunt,
399 2087 451 2152 aed
474 2105 532 2169 quo
551 2085 649 2169 juret,
679 2085 807 2165 Voitioe,
831 2087 1045 2170 Splachnaceis
1068 2089 1260 2172 adiunctum!

782 2313 945 2398 Tribus
972 2316 1010 2398 Ι.

710 2459 1082 2564 Plysmmltrlolleae.

347 2636 478 2704 Plantae
499 2633 655 2718 parvulae,
679 2637 800 2715 molles,
823 2635 904 2702 toliis
927 2637 995 2702 laxe
1017 2639 1121 2706 textis.

345 2741 492 2826 Calyptra
514 2739 658 2824 perlecto,
681 2739 795 2818 conica,
818 2741 1041 2822 campanulata
1080 2740 1213 2824 capsula
1235 2741 1414 2806 subsessilis
1440 2744 1491 2808 rel
1519 2745 1551 2810 in

258 2846 403 2932 pedicollo
426 2847 495 2930 plns
518 2845 657 2910 minusve
679 2844 822 2929 elongato
844 2863 1003 2930 emergens
1026 2847 1075 2912 vel
1097 2849 1228 2913 exserta.
1259 2847 1472 2931 Sporanginm
1498 2851 1552 2914 in-

256 2955 437 3022 distinctum
471 2951 520 3018 rol
548 2949 747 3028 distinctum,
778 2948 941 3016 eolnnrella
974 2951 1057 3016 nulla
1080 2951 1128 3017 vel
1150 2953 1239 3029 lara,
1271 2971 1383 3035 sperae
1405 2957 1549 3036 majores

256 3059 436 3126 renitormes
465 3057 513 3122 vel
546 3055 680 3120 minores
702 3053 880 3138 globulosae
903 3053 934 3119 in
958 3055 1076 3120 cellulis
1101 3057 1185 3120 tertii
1209 3056 1323 3122 ordinis
1346 3057 1548 3123 efformatae.

256 3163 411 3248 Vagiunln
433 3159 618 3246 regulariter
641 3157 813 3242 effigurata.
858 3158 1019 3226 Habitatio
1047 3161 1217 3228 terrestris.
1261 3160 1336 3226 Vita
1358 3161 1549 3246 plerumque

255 3287 365 3335 annua.

813 3431 984 3506 Fami.

751 3571 1033 3676 llphemereee

340 3728 473 3794 Plantae
496 3725 641 3792 minimae
665 3727 818 3810 simplices
841 3727 926 3793 caule
953 3727 1134 3794 brevissimo
1162 3725 1346 3804 instructae,
1378 3745 1413 3792 ex
1447 3745 1542 3810 opere

252 3833 397 3901 celluloso
421 3831 488 3897 laxo
511 3829 678 3912 formatae,
710 3831 887 3915 plerumque
919 3833 950 3898 in
977 3831 1144 3918 prothallio
1166 3831 1362 3897 filamentoso
1385 3829 1541 3896 intricate

252 3937 343 4003 viridi
366 3935 551 4003 nidulnntes.

338 4041 468 4106 Fructus
499 4037 581 4104 loliis
616 4037 883 4122 perichsetialibus
912 4041 1074 4108 immersus
1097 4040 1145 4106 nal
1168 4057 1336 4126 emergens.
1383 4037 1538 4124 Calyptrs

250 4144 351 4212 tensis
374 4143 592 4227 campanulata
613 4141 681 4210 basi
696 4143 802 4210 incisa.
834 4143 966 4229 Capsula
988 4145 1019 4212 in
1042 4145 1189 4229 pedicello
1212 4143 1297 4210 molli
1321 4141 1439 4226 pallido
1462 4161 1538 4206 aru·

251 4249 477 4316 minato-ovata
499 4265 552 4314 sou
574 4247 718 4332 globosa,
741 4266 757 4312 e
780 4247 896 4313 duobus
927 4249 1107 4314 cellularum
1131 4245 1239 4312 stratis
1262 4245 1446 4327 composita,
1469 4245 1536 4308 sino

250 4352 413 4436 sporaugio
434 4349 571 4434 speciali,
594 4349 661 4415 aine
683 4350 854 4428 columella,
872 4351 993 4416 matura
1015 4349 1052 4414 de
1076 4347 1223 4432 perticello
1242 4345 1368 4412 decidua
1384 4349 1479 4430 atque
1494 4345 1534 4410 ad

250 4457 315 4540 ejus
331 4456 528 4522 insertionem
541 4457 676 4539 pertusa.
700 4453 815 4538 Sporaa
831 4473 969 4539 magnae,
986 4453 1164 4518 renitormes
1179 4451 1227 4517 vel
1243 4449 1402 4535 globosae,
1418 4467 1535 4534 granu·

250 4562 344 4626 lonae.
376 4559 540 4627 Habitatio
562 4560 594 4626 in
616 4563 700 4626 tarra
722 4558 803 4627 nuda
825 4557 1047 4625 humidiuscula
1069 4557 1202 4641 regionis
1225 4555 1409 4637 campestris
1431 4553 1531 4618 totins

251 4663 400 4746 Europae.
447 4663 520 4731 Vita
542 4683 653 4744 annun,
677 4664 798 4748 saepius
821 4683 838 4729 e
861 4661 1025 4748 prothallio
1048 4661 1174 4728 radicali
1197 4659 1353 4726 corrtiuua.
