3316 5262
302 335 366 404 tlt
858 335 1025 408 fllium

302 511 355 578 tis.
400 511 489 579 Folia
510 512 579 594 plus
601 509 741 578 minusve
762 513 891 591 remota,
913 509 1046 595 undique
1060 511 1211 594 patentia,
1232 511 1406 596 planiamm
1422 511 1558 580 sterilium

301 615 440 684 conserta
462 605 684 683 eubimbrioate
704 616 756 682 uel
778 616 976 695 subsecanda,
999 617 1107 682 ovato-
1128 617 1161 683 et
1175 616 1498 704 oblongo-lanceolata,
1517 617 1559 682 air

301 720 510 800 decurrentia,
532 738 665 786 concaua
688 719 757 786 basi
777 721 918 805 margine
939 738 1083 798 recurva,
1106 720 1145 786 ad
1167 721 1297 806 angulos
1319 721 1401 787 haud
1421 722 1561 795 executa,

301 823 511 910 integerrima,
533 827 618 892 costa
641 825 745 892 valida
768 843 836 891 oum
859 824 944 908 apice
966 824 1016 891 vel
1038 823 1162 906 paulum
1185 825 1266 891 inira
1287 824 1401 902 soluta,
1422 824 1480 890 reti
1493 824 1561 890 tari

301 929 361 996 lari
382 929 552 996 laxiusoulo
573 929 605 994 in
628 930 696 996 tota
717 929 787 996 basi
801 928 937 1012 aequali,
959 925 1189 1011 perichaetialia
1212 930 1322 1008 erecta,
1346 931 1382 994 ut
1403 928 1435 994 in
1456 949 1563 1012 praeee-

302 1033 410 1111 deute,
434 1034 565 1100 metata.
611 1033 746 1118 capsula
775 1032 915 1119 longior,
948 1033 1304 1119 arcuato-cylindraoea,
1334 1035 1415 1100 aiace
1444 1035 1561 1110 arenata

302 1137 436 1217 solidior,
459 1155 476 1204 e
498 1138 582 1204 luteo
604 1137 789 1223 ferruginea.
833 1137 1011 1204 Peristomii
1032 1137 1139 1204 deutm
1154 1138 1376 1220 praecedentis,
1399 1137 1563 1204 oiliohdis

301 1241 400 1308 tinote
421 1241 589 1326 apioulata.
635 1243 740 1326 Bryol.
764 1261 826 1309 eur.
851 1243 921 1309 Vol.
944 1241 998 1321 VI,
1020 1242 1097 1308 Tab.
1120 1242 1194 1309 567.

303 1363 459 1450 Hypatam
476 1364 638 1448 demolito,
661 1364 794 1431 surculis
816 1364 961 1431 confertis
983 1363 1254 1446 procumbentibus
1276 1362 1505 1449 suboapillaoeir
1524 1383 1564 1427 ra-

412 1467 504 1534 mulis
527 1467 760 1548 motiunculis,
792 1469 874 1534 foliis
909 1469 1199 1535 ovato-lanceolatis
1226 1468 1363 1552 patulis,
1397 1467 1565 1534 ramulorum

411 1571 658 1648 subimbrioatis3
680 1573 813 1656 capsulis
834 1571 1035 1657 cylindraceie
1056 1573 1202 1638 incurvis.
1234 1571 1367 1640 Sauara
1381 1571 1478 1638 Musa
1493 1571 1564 1638 Suet.

345 1781 456 1846 Hruw.
485 1779 570 1863 Spec.
602 1780 699 1846 Musa.
723 1799 752 1863 p.
777 1780 860 1859 277,
890 1781 914 1846 t.
938 1780 992 1847 81.
1037 1781 1196 1846 Haesura
1229 1781 1344 1848 Skand.
1371 1781 1420 1846 m
1448 1779 1511 1846 cdd
1531 1797 1566 1861 pr.

410 1883 542 1950 Wscsou
564 1882 669 1968 Bryol.
693 1883 772 1950 Brit.

309 1988 556 2075 Aorblyathiam
576 1989 730 2072 fluviatile
751 1987 840 2075 (Su.)
863 1989 921 2054 Βιι.
945 1991 977 2056 et
999 1989 1072 2056 Seu.
1096 1989 1200 2073 Bryol.
1221 2009 1285 2056 eur.
1308 1989 1332 2056 l.
1357 2009 1385 2056 e.
1431 1990 1566 2056 Hirrum·

413 2092 525 2160 Siland.
549 2092 596 2160 al.
620 2093 666 2160 ed.
693 2093 743 2158 10.

224 2193 226 2197 ι
305 2216 460 2302 Hypatam
470 2216 621 2384 {adonira
642 2234 706 2282 var.
729 2222 750 2296 β
770 2216 924 2300 fluuiatilc
945 2215 1117 2281 Wafflmua.
1141 2215 1191 2281 ul.
1215 2215 1300 2282 Suae.
1348 2216 1459 2290 Mrem
1474 2211 1566 2282 Coroll.

416 2339 446 2403 p.
491 2319 522 2388 8.

393 2441 502 2506 Hotlt.
525 2441 558 2508 in
579 2441 661 2526 sarie
684 2443 854 2509 rivulorum
874 2461 929 2526 per
949 2440 1107 2526 regionam
1130 2443 1337 2526 campestrem
1361 2445 1396 2508 et
1410 2443 1565 2510 munuum

305 2545 440 2624 Sueeiae,
462 2546 647 2632 Norvegiae,
670 2548 861 2625 Britanniae,
883 2546 1068 2615 Germaniae
1090 2547 1122 2612 et
1143 2545 1265 2614 Galliae
1287 2547 1387 2630 sept:
1411 2549 1444 2614 in
1465 2545 1566 2614 Suculae

304 2649 420 2716 ditione
443 2650 605 2717 holmieuai
619 2653 651 2718 et
666 2651 834 2735 upsalieusi
848 2650 999 2737 (Susura,
1023 2651 1197 2728 limnaeus,
1221 2650 1410 2716 'Panormus
1431 2671 1458 2718 e
1481 2647 1564 2733 alin

305 2753 421 2820 Fannia
443 2753 507 2839 (W.
532 2754 738 2842 Nauarum),
768 2756 801 2820 in
823 2754 913 2822 Saltu
934 2754 1111 2840 thuringiae
1134 2754 1264 2838 (Rosa),
1299 2755 1332 2820 in
1356 2753 1503 2821 Neminie
1520 2753 1562 2835 (lu

305 2857 511 2938 Badarssou),
541 2858 574 2924 in
605 2858 830 2926 (lambrovallia
858 2859 936 2942 sept.
966 2858 1088 2941 copiose
1120 2877 1167 2940 pr.
1202 2857 1332 2944 Boccor
1366 2859 1435 2944 (W.
1459 2857 1558 2924 wrm

306 2963 337 3028 et
360 2963 450 3046 ipse),
474 2982 567 3046 prope
590 2964 710 3030 Lecton
732 2963 856 3048 styriae
878 2981 945 3046 sup.
968 2962 1166 3048 (Burmann).

393 3067 502 3135 amet.
526 3075 642 3134 motor.
666 3069 705 3134 ad
727 3067 857 3136 aestatis
880 3067 973 3136 tinem
996 3069 1029 3134 et
1051 3069 1151 3152 primo
1174 3085 1254 3134 vere

393 3197 490 3258 Facile
517 3217 536 3258 a
563 3199 756 3273 praecedente
785 3198 978 3274 distinguitur
1005 3196 1139 3256 caulibus
1167 3196 1352 3273 longioribus
1379 3196 1494 3272 lougius
1513 3209 1562 3268 pro

307 3285 409 3358 tensis,
431 3287 548 3361 parcius
570 3286 781 3358 radicantibus,
803 3286 870 3345 basi
884 3285 1048 3357 denudatis,
1070 3303 1146 3360 vaga
1162 3301 1311 3360 nunquam
1327 3283 1474 3359 pinnatim
1487 3297 1562 3341 rano·

306 3372 385 3444 losio,
407 3371 541 3434 foliorum
557 3374 614 3434 rati
628 3373 750 3434 basilari
764 3373 874 3434 laxiore
896 3372 1021 3448 aequali,
1044 3372 1165 3447 capsula
1178 3371 1310 3449 longiore
1325 3371 1472 3442 solidiore,
1491 3369 1562 3428 otiu

307 3461 430 3535 plantae
453 3461 576 3537 danique
598 3461 719 3521 mollitie
742 3463 772 3521 at
794 3461 889 3521 colore
911 3459 1087 3521 atro-viridi.

669 3676 858 3763 spigant.
903 3675 1221 3759 Leptodietyum.

393 3833 525 3898 Plantae
546 3832 720 3900 laxiusoule
743 3833 961 3917 compilantes,
984 3833 1159 3916 prostratae
1182 3833 1356 3916 partimque
1379 3829 1561 3898 mndata

307 3939 426 4005 molles.
469 3937 556 4003 Folia
578 3938 701 4016 latiora,
725 3957 741 4004 e
763 3938 827 4004 late
849 3940 940 4005 ovato
961 3939 1029 4022 plus
1045 3939 1147 4004 minus
1163 3937 1254 4020 louge
1268 3935 1454 4012 acuminata,
1474 3931 1508 3998 ad
1520 3945 1559 3994 an

307 4043 395 4128 gulos
417 4041 563 4108 distincta
585 4042 788 4122 decurrentia,
811 4042 919 4120 nitida,
942 4041 1058 4122 mollia,
1080 4040 1200 4108 cellulis
1216 4038 1479 4124 chlorophyllosis,
1499 4031 1560 4098 utri·

306 4149 375 4214 culo
397 4147 586 4232 primordiali
609 4148 730 4230 saepius
751 4147 899 4215 distincto
922 4147 1053 4225 sinuoso,
1078 4145 1316 4229 laptodermicis,
1340 4147 1405 4209 rete
1426 4141 1559 4208 edoma
1637 4213 1638 4246 ἰ

308 4253 392 4319 tibus
415 4251 484 4334 plus
506 4251 607 4318 miuus
630 4252 721 4336 longe
744 4249 1163 4336 hexagono-rhomboideum,
1186 4248 1224 4315 ad
1239 4247 1327 4314 tasin
1342 4247 1452 4324 laxius,
1472 4241 1559 4308 adar

307 4356 397 4442 gulos
419 4355 641 4442 reetangulare.
