3080 5246
528 347 697 424 flmm-
1185 351 1249 422 643

1 550 42 608 a,
61 529 171 596 intima
186 549 223 597 ex
238 529 478 614 ovato-oblongo
494 527 841 608 subustoaeomimta,
855 527 994 595 tmuitor
1008 529 1138 595 osum
1170 527 1251 612 (lap-

2 635 35 700 la
59 635 92 700 iu
115 634 264 718 pedieello
285 634 424 701 breviore
447 634 528 700 laevi
543 651 695 718 purpureo
710 633 822 700 leuiter
836 651 959 713 cernua,
982 634 1084 714 01010,
1108 633 1251 700 solidius·

1 741 45 816 12,
69 739 211 821 operculo
226 739 517 806 conoideocouvexo
533 738 619 822 apice
633 740 824 818 mucronato,
846 737 958 804 annulo
973 736 1147 818 revolubili,
1169 737 1252 822 peri·
1340 744 1341 748 ’

1 843 74 908 omli
95 844 241 910 deut-ibus
263 843 426 910 numutiis.

2 965 239 1052 raclytlsciam
261 965 441 1052 1190οἱ01011
463 961 536 1030 Seu.
561 963 690 1048 Synops.
713 963 760 1030 ed.
785 964 816 1044 1,
838 982 868 1047 p.
892 962 966 1030 692.
997 962 1047 1029 De
1068 963 1146 1030 Nos.
1167 963 1249 1048 upil.

53 1087 167 1152 Helii.
199 1087 230 1153 iu
261 1089 344 1152 terra
376 1087 501 1152 humida
529 1103 709 1170 pascuorum
732 1104 824 1169 prope
848 1086 978 1166 Setino,
1009 1085 1048 1152 ad
1070 1084 1250 1166 Feritorem,

4 1211 62 1274 pra
85 1189 226 1256 Genuam
249 1189 297 1254 Du
320 1188 460 1256 Nomius
483 1207 562 1256 anuo
589 1188 671 1256 1816
702 1191 823 1273 primus
847 1189 924 1276 legit
947 1191 979 1256 et
1000 1189 1252 1268 communicavit3

19 1316 98 1382 agro
121 1295 559 1380 0000110110(Το0111001110).

57 1401 170 1468 Fract.
193 1409 310 1466 motor.
334 1419 411 1467 vere.

53 1514 185 1573 lledium
207 1515 290 1573 tenet
311 1513 390 1572 iuter
412 1511 467 1572 Br.
489 1511 668 1572 salebrosum
690 1513 720 1572 et
742 1511 922 1588 0100101010,
945 1512 983 1572 ab
1005 1511 1056 1573 illo
1079 1513 1251 1573 distinctum

1 1603 44 1660 liis
70 1600 199 1660 humidis
221 1601 270 1660 vix
286 1599 417 1670 sulcatis,
440 1599 556 1661 brevius
571 1599 756 1670 acuminatis,
779 1599 1035 1675 perichaetialibus
1050 1600 1205 1660 latioribus
1220 1599 1251 1659 iu

1 1689 117 1747 iculum
139 1688 303 1748 lllllormem
326 1687 425 1756 minus,
443 1687 564 1763 longum
588 1687 709 1758 eductis,
732 1686 770 1746 ab
785 1688 840 1747 hoc
855 1687 993 1762 capsulae
1009 1687 1148 1762 pedicado
1163 1687 1250 1759 laesi,

1 1778 100 1836 tiorum
125 1775 219 1836 forma
242 1777 272 1835 et
294 1775 397 1835 colore.
435 1774 482 1834 An
505 1791 607 1836 reuera
630 1773 717 1834 aBr.
733 1775 880 1835 adetroso
902 1774 1034 1851 specillce
1057 1775 1251 1836 distinctum?

319 1967 349 2024 a.
379 1965 672 2035 Brachytlueolum
690 1966 896 2038 jucundum.

470 2086 515 2144 Ila
538 2086 650 2146 Nossa
673 2085 750 2161 llpil.

58 2217 265 2298 ,Monoleum
312 2215 369 2282 Be.
401 2217 559 2283 salamae
589 2217 698 2285 habitu
731 2217 833 2284 simile
865 2217 917 2282 sed
947 2216 1087 2295 mucius,
1124 2232 1251 2283 amomo

1 2319 208 2388 srlceoviride.
253 2319 389 2404 Impleue
426 2321 604 2388 instratum.
654 2319 759 2388 Oculis
795 2322 829 2387 et
864 2319 1076 2387 innovationes
1113 2319 1250 2404 ejusdem

1 2425 111 2492 diculis
144 2423 279 2508 copiosis
310 2423 489 2492 rubentibus
520 2425 679 2510 repentia,
717 2425 839 2492 demum
878 2426 960 2492 loliis
991 2424 1250 2494 marcescentibus

2 2535 60 2608 cta,
84 2529 182 2596 ramis
206 2529 368 2608 discretis,
391 2528 553 2608 confertis,
579 2531 627 2596 vel
645 2529 857 2610 ¹fasciculatis,
881 2531 1003 2597 madore
1025 2529 1249 2610 ereetiusculis,

2 2635 151 2700 cundatis.
200 2631 288 2699 Folia
310 2633 501 2700 domiuscule
523 2635 655 2718 undique
675 2633 849 2712 imbricata,
872 2635 1111 2718 erecto-putula,
1133 2633 1250 2718 prima·

2 2739 98 2804 alate
120 2739 227 2816 ovata,
250 2736 369 2819 reliqua
390 2756 407 2803 e
430 2738 497 2804 basi
520 2741 680 2804 mutracta
703 2739 994 2818 ovato-lanceolata
1017 2738 1120 2806 omnia
1135 2735 1249 2804 senum

23 2843 136 2924 apicem
159 2841 377 2910 acutissimum
399 2842 578 2928 angustata,
601 2843 683 2926 plica
704 2841 848 2925 utrinque
866 2843 955 2909 valde
971 2843 1095 2910 extante
1111 2841 1249 2926 margine

4 2949 134 3026 cunata,
158 2965 290 3030 superne
312 2945 517 3014 minutissime
539 2946 738 3026 denticulata,
761 2965 909 3027 concava,
931 2945 1131 3015 nannetensi
1155 2963 1249 3028 eupua

4 3053 101 3118 edium
124 3051 256 3119 evanido
277 3051 438 3131 instructa,
461 3050 596 3118 insieco
619 3053 773 3136 adpresea
818 3051 1057 3119 Perichaetialia
1078 3049 1247 3133 pallescen-

4 3175 34 3232 o,
54 3175 233 3240 squamosa,
267 3157 305 3222 ab
327 3155 444 3224 infimis
466 3176 503 3223 ex
525 3159 618 3224 ovato
640 3156 792 3225 subulatis
814 3159 929 3225 sensim
951 3156 1121 3240 ampliora,
1143 3155 1247 3234 ovata,

5 3261 80 3328 usim
95 3262 190 3346 louge
204 3259 512 3344 pilumni-aristote,
535 3263 724 3329 subeuervia.
754 3261 890 3346 capsula
903 3261 936 3326 iu
951 3259 1118 3344 pedunculo
1133 3255 1247 3325 100010-

5 3383 47 3430 no
68 3365 211 3452 oblonga,
234 3365 391 3444 inclinatu,
414 3365 627 3450 pachyderma.
672 3364 860 3449 Operculum
882 3365 990 3444 breve,
1013 3359 1247 3432 conoides-sul)-

5 3471 178 3547 tenmtum,
204 3488 240 3535 ex
263 3469 349 3553 apice
379 3467 590 3536 obtusiusculo
620 3467 870 3536 mammillatum.
914 3466 1057 3534 annulus
1086 3467 1247 3552 angustus,

6 3574 188 3654 agucciano
208 3574 365 3642 decedens.
410 3571 588 3640 Peu'stomii
610 3573 717 3640 dentes
740 3591 757 3639 e
778 3572 887 3640 lineari
909 3569 1063 3652 subulati,
1092 3571 1247 3638 rulescen·

6 3691 29 3738 c.
69 3677 234 3764 Segmeuua
264 3675 420 3744 interioris
450 3677 541 3745 valde
570 3676 695 3757 scabra,
727 3677 812 3761 apice
833 3675 1009 3760 cuspidata,
1040 3675 1079 3742 ad
1109 3674 1247 3743 carinam

6 3783 83 3862 terta
105 3782 187 3848 ciliis
210 3781 341 3866 geminis
363 3779 539 3847 distincta·¹
587 3781 635 3846 Du
658 3781 737 3848 Nou.
761 3781 782 3846 l.
805 3801 831 3848 0.
854 3800 884 3865 p.
909 3780 982 3848 118.

56 3901 162 3970 Hots't.
186 3903 219 3968 iu
239 3903 352 3970 Ossula
373 3904 529 3986 superiore
551 3923 647 3988 prope
671 3904 773 3970 Colice
796 3903 983 3988 (sionnam
1008 3901 1114 3986 1861).

58 4004 165 4074 Fruct.
188 4015 303 4072 matur.
327 4026 407 4074 vare.

56 4115 158 4178 Didert
181 4137 198 4178 a
219 4119 273 4180 Br.
295 4119 442 4180 aokbrom
465 4119 595 4190 mollitie,
617 4118 795 4179 dimensione
818 4117 937 4192 minore,
959 4117 1081 4194 capsula
1102 4114 1245 4175 inclinata

8 4217 29 4258 sc
49 4219 161 4266 cernua

58 4306 272 4370 Observandum
301 4314 346 4370 est
368 4311 422 4370 Ην.
444 4311 623 4371 salebrosum
653 4326 740 4385 quam
763 4309 886 4368 maxime
909 4306 1051 4368 sanabile
1074 4321 1151 4374 0000,
1182 4304 1243 4361 tam

8 4393 65 4452 nost
80 4395 211 4456 habitum
225 4399 255 4457 et
270 4399 512 4474 magnitudinem,
535 4415 621 4474 quam
636 4397 732 4473 quoad
748 4396 885 4471 capsulae
900 4395 1021 4455 lormam
1044 4394 1132 4466 atque
1152 4389 1244 4448 direc-

9 4493 86 4540 onem.
