3388 5218
287 283 354 346 mv
842 281 1015 346 introductio

288 481 346 547 que
369 464 534 546 corrugata
556 478 612 524 nec
633 459 783 543 pollinem
812 459 1047 526 foecundantem
1079 458 1244 524 admittere
1275 479 1330 526 nec
1363 457 1570 527 admissorum

287 565 488 650 granulorum
519 565 681 647 rupturam
712 584 890 648 promovere
926 564 1092 629 valerent.“
1141 561 1212 628 Nou
1243 563 1275 628 iu
1298 564 1440 630 omnibus
1462 567 1569 630 tamen

288 667 447 751 speciebus
470 666 658 752 pamphpses
689 667 902 750 reperiuntur,
934 667 966 732 et
997 665 1176 750 plerunuque
1207 665 1239 730 in
1270 666 1411 732 femineis
1442 667 1569 734 floribus
1654 667 1656 670 ’

287 770 387 836 multo
409 769 512 834 minus
535 769 676 853 copiosae
698 771 862 835 occurrunt
883 787 976 854 quam
998 769 1030 833 in
1053 769 1199 835 masculis
1222 773 1315 852 atque
1345 770 1568 846 biseruulilmm

288 875 413 958 plantae
435 875 503 940 lece
526 875 607 939 sicca
628 873 806 940 habitantes
829 893 899 942 raro
922 873 966 940 eis
989 875 1105 952 carent,
1128 876 1229 940 terrae
1245 873 1390 940 humidae
1405 876 1455 942 sel
1470 893 1569 959 aquae

288 977 408 1046 incolae
431 979 552 1062 saepius
575 977 627 1043 his
648 979 774 1063 organis
796 977 967 1044 destitutae
990 979 1194 1062 reperiuntur.

722 1160 748 1229 §-
772 1160 800 1216 4.
841 1157 881 1216 De
905 1157 974 1216 tiore
998 1157 1135 1216 masculo.

375 1289 448 1356 Flos
470 1290 626 1356 masculus
649 1289 698 1354 rel
721 1289 893 1356 terminalis
916 1289 966 1354 vel
989 1287 1126 1353 axillaris
1150 1289 1208 1354 cst.
1239 1286 1440 1373 Perigonium
1462 1289 1570 1354 termi-

289 1393 359 1458 nale
393 1393 492 1460 varius
523 1393 625 1458 induit
649 1394 774 1471 formas,
806 1393 935 1458 arillare
957 1395 1065 1459 contra
1087 1411 1296 1477 gemmacearu
1318 1411 1439 1478 semper
1462 1393 1567 1460 refert.

290 1497 360 1562 Non
382 1498 472 1581 pauci
494 1500 650 1562 caeternum
674 1500 748 1562 sunt
769 1497 870 1564 Musei
885 1515 1015 1580 quorum
1031 1515 1147 1580 organa
1160 1496 1299 1562 mascula
1312 1497 1345 1562 iu
1361 1497 1465 1564 axillis
1479 1497 1571 1564 folio-

289 1618 359 1662 rum
382 1599 547 1664 eumalium
569 1599 752 1684 pergpnium
774 1599 964 1684 cingentium
980 1600 1070 1678 nuda,
1094 1602 1188 1684 atque
1202 1601 1460 1667 intercedentium
1477 1619 1569 1686 pecu·

289 1699 398 1766 liuram
421 1702 617 1786 hppogyuam
640 1701 784 1767 sistentia
805 1703 1036 1787 conspiciuntur
1056 1703 1243 1785 (Wetcrue,
1279 1703 1408 1767 Meua
1435 1704 1569 1771 nonnul·

289 1805 350 1886 lae,
385 1805 625 1870 Ortlucdontium
648 1827 674 1872 e.
698 1811 751 1890 a).

378 1910 536 1995 Pcrigeuii
567 1909 741 1977 terminalis
773 1911 890 1977 formae
921 1913 1074 1998 prinsipes
1103 1913 1236 1997 quinque
1266 1915 1352 1980 snut:
1381 1935 1569 1999 pesumocec,

289 2017 441 2102 capituto,
463 2015 720 2101 capitulisorms’s,
744 2018 905 2082 discoideu
927 2019 960 2082 et
983 2017 1160 2082 eamdem.

378 2121 577 2206 Perigonium
597 2141 806 2204 genmmerem
829 2141 845 2186 e
868 2121 952 2188 toliis
974 2121 1114 2200 minutis,
1138 2143 1193 2206 pro
1216 2141 1302 2190 more
1323 2123 1454 2189 caulinis
1469 2123 1569 2190 larius

289 2225 384 2294 textis
406 2225 439 2292 iu
461 2224 651 2310 gemmulam
673 2225 910 2294 crassiusculam
938 2225 1109 2294 imbricatis
1132 2227 1225 2309 atque
1247 2226 1480 2294 conniventibus
1504 2227 1569 2294 ior·

292 2331 405 2396 uratur.

379 2432 560 2516 &pactum
589 2432 704 2500 dicitur
736 2432 927 2519 perigenium
960 2453 1030 2500 cum
1056 2433 1132 2501 solia
1161 2453 1217 2500 sue
1245 2435 1290 2502 its
1319 2439 1517 2522 convergunt¹
1531 2439 1568 2504 ut

290 2537 544 2620 subsphaericum
568 2536 720 2604 efficiatur
742 2537 888 2623 apiceque
911 2539 1108 2623 subapertum
1138 2541 1310 2613 remaneam
1341 2539 1489 2624 genitalia
1510 2539 1569 2606 hu·

288 2641 378 2725 juscc
402 2641 486 2708 doris
510 2641 761 2708 numerosissima
784 2662 851 2708 csse
874 2642 985 2710 solent.

377 2745 576 2830 Perigonium
599 2744 853 2830 capitulisorme,
876 2747 1005 2831 capituli
1027 2747 1067 2814 ad
1088 2749 1205 2826 instar,
1229 2748 1261 2814 in
1283 2747 1380 2814 caulis
1402 2748 1569 2834 prolonga·

290 2851 374 2918 tiorm
396 2849 524 2934 aphylla
547 2868 613 2916 sese
629 2849 777 2936 exsurgit.
823 2850 910 2918 Folia
932 2852 1136 2938 perigouialia
1157 2856 1282 2920 externa
1304 2873 1321 2919 e
1343 2853 1442 2922 madio
1466 2874 1569 2922 recur-

290 2957 412 3032 vantur,
436 2953 585 3039 genitalia
607 2953 709 3020 minus
731 2954 854 3038 copiose
875 2975 968 3039 quam
990 2956 1022 3022 in
1045 2958 1246 3041 praecedente
1268 2958 1390 3034 adsuunt,
1414 2960 1569 3046 par-aphp-

290 3077 338 3124 ses
363 3058 481 3143 apicem
512 3075 618 3122 versus
648 3057 867 3122 incrassantur.
913 3061 1050 3126 Medium
1087 3063 1173 3128 tenet
1210 3062 1380 3146 capitutum
1417 3063 1499 3130 inter
1536 3065 1568 3130 at

289 3161 487 3229 discoidsnm.
533 3159 693 3245 Splcctuu
722 3159 851 3245 hujusce
880 3162 997 3231 formae
1020 3167 1157 3250 exempla
1179 3168 1386 3251 pulcherrima
1408 3167 1568 3253 praetem.

378 3265 577 3352 Perigonium
606 3266 799 3330 discoideum
828 3267 1005 3334 nominatur
1028 3289 1096 3334 cum
1119 3270 1196 3337 lolia
1219 3289 1275 3336 sua
1296 3271 1427 3339 caulinis
1449 3271 1569 3354 majora

289 3389 381 3454 supra
410 3370 498 3434 basin
526 3369 617 3434 valde
648 3371 825 3434 excavatum
849 3370 880 3434 et
903 3369 1096 3439 imbricatam
1120 3374 1222 3442 subito
1244 3375 1438 3444 horizontem
1459 3395 1567 3444 versus

288 3473 499 3548 recurvantur,
522 3471 567 3537 ita
588 3473 625 3538 ut
646 3471 795 3557 genitalia
818 3472 954 3539 muscula
977 3475 1274 3542 numerosissimam
1290 3477 1409 3544 discum
1425 3479 1568 3546 ordinata

288 3577 424 3661 conspici
454 3577 582 3661 possint.
627 3575 820 3642 Antheridiis
852 3579 944 3660 atque
973 3578 1197 3664 paraphpsibus
1226 3579 1406 3666 plenumque
1436 3584 1568 3650 clavatis

288 3678 395 3746 foliola
417 3681 537 3746 minuta
559 3679 787 3746 bructeilormia
815 3679 937 3763 saepius
960 3679 1139 3746 intermixta
1170 3683 1373 3767 reperiuntur.
1420 3687 1567 3772 Exempla

288 3781 441 3866 perigouii
462 3783 608 3852 discoidei
630 3783 663 3848 in
685 3802 774 3868 genn.
803 3783 898 3866 Bryc,
923 3781 1023 3864 Maio,
1046 3783 1206 3850 Philocrati
1228 3804 1253 3851 e.
1271 3809 1296 3854 c.
1321 3791 1474 3873 prostant.

376 3886 575 3972 Perigonium
599 3887 800 3952 onttoideum
822 3885 899 3952 illud
922 3887 1077 3952 nominavi
1100 3889 1302 3969 involucrum,
1326 3891 1414 3978 cujus
1436 3892 1512 3960 folia
1534 3897 1567 3964 iu

289 3987 426 4056 roardum
448 3989 663 4075 polyphyllam
686 3992 833 4074 congesta
855 3989 955 4058 torma
970 3993 1064 4075 atque
1079 3993 1182 4060 colore
1197 4013 1216 4060 a
1231 3995 1362 4062 caulinis
1377 3997 1452 4065 adeo
1467 3997 1569 4066 direr-

288 4093 388 4180 gunt‚
415 4093 452 4158 ut
474 4090 648 4174 petaloidea
670 4091 822 4157 nominari
844 4093 974 4176 possint.
1020 4095 1108 4160 Folia
1131 4095 1206 4164 haec
1228 4097 1267 4164 ab
1297 4101 1421 4166 externo
1452 4099 1491 4166 ad
1520 4101 1568 4168 in-

289 4201 412 4262 ternum
435 4193 645 4279 magnitudine
669 4193 892 4274 diminuentis,
922 4197 1013 4281 inque
1045 4197 1109 4264 suis
1139 4199 1242 4266 axillis
1271 4201 1447 4270 antheridia
1473 4205 1568 4289 utque

289 4299 478 4384 paraphyscs
500 4297 652 4378 foventis,
683 4299 852 4365 retrorsum
875 4299 1077 4366 imbricautur
1097 4303 1192 4385 atque
1213 4303 1316 4371 colore
1339 4325 1493 4390 purpureo
1518 4309 1567 4376 rel

288 4401 431 4470 auruntio
461 4401 594 4468 corollae
617 4401 790 4486 petulorum
813 4403 911 4470 instar
933 4403 1123 4489 superbiunt.
1167 4403 1274 4474 Flores
1297 4407 1424 4493 hirjuace
1445 4411 1568 4494 germis

289 4527 306 4574 e
328 4509 434 4574 cantro
455 4507 632 4592 proliflcaut
654 4507 834 4593 caulemque
855 4507 931 4575 flore
952 4507 1049 4574 simili
1067 4507 1181 4576 iterum
1196 4509 1369 4596 iterumque
1384 4515 1567 4582 coraustum

288 4611 480 4684 continuant.
525 4609 689 4698 Perigoniu
716 4609 881 4678 anthoidea
902 4609 1065 4697 praecipue
1089 4611 1333 4699 Polptriulrsoeia
1354 4615 1479 4704 propria
1499 4635 1568 4688 sesa
