3022 5230
504 345 702 405 ilrlmmiaoeae
1173 343 1237 416 299

29 519 144 604 wdone
161 521 290 608 (Mun),
310 522 574 590 abundantissime
596 524 635 590 ad
656 525 783 589 truncos
805 521 914 588 ilicem
930 521 963 587 in
978 523 1082 588 monte
1098 521 1148 587 dei
1164 521 1239 587 Serti

28 623 131 707 trent,
149 626 177 690 in
197 626 304 693 ditione
325 627 497 696 Calaritina
518 629 562 712 (J.
584 629 622 693 B.
645 627 801 711 Osmrs);
824 643 921 710 prope
943 626 1102 693 Gelonium
1124 627 1238 712 Agrip-

28 729 95 808 pinen
114 729 317 817 (simma),
339 732 378 799 ad
400 732 573 814 Quercuum
595 735 718 798 tmncos
740 731 774 797 in
795 752 837 798 m.
868 731 1044 818 Venutterq
1068 751 1113 815 pr.
1137 733 1239 810 Bona,

28 833 164 914 etcopiose
177 834 222 918 ff.
236 836 406 922 Demens),
428 837 460 901 in
483 835 576 903 Ulmo
599 837 689 902 unica
711 837 817 921 sylvae
842 836 982 902 Oetwold
1003 854 1096 919 prope
1118 835 1239 920 Argen-

28 938 122 1001 tontum
142 938 298 1024 (liseur),
324 941 355 1005 in
379 940 520 1008 Sardinia
541 942 612 1020 (Fu.
634 941 791 1027 humen).
836 940 938 1024 Stirps
960 942 1048 1007 rara!

82 1040 170 1108 Fruvt.
191 1051 300 1112 matur.
323 1045 420 1129 Majo,
442 1045 544 1112 Juuio.

82 1151 164 1212 Didert
183 1173 200 1214 a
221 1158 410 1230 praecedente
434 1157 592 1232 pulvinulie
614 1157 785 1232 compactis,
807 1157 884 1218 foliis
906 1157 1060 1218 latioribus
1082 1157 1240 1216 subsecen-

26 1235 88 1382 lneuu'he.
104 1241 207 1341 capsula¹
223 1243 379 1343 solidiore,
401 1245 519 1305 brevius
541 1245 734 1320 pedicallata,
756 1245 923 1320 peristomio
945 1245 1037 1304 multo
1060 1243 1240 1320 perfectiore,

37 1341 64 1380 ou
79 1343 105 1386 us
122 1345 255 1390 manticis.

80 1411 143 1483 Quod
170 1417 204 1475 ad
232 1418 360 1478 nominis
391 1419 580 1478 mutationem
611 1419 759 1493 pertinet,
791 1419 825 1478 ol.
850 1419 984 1478 Wilaonii
1007 1418 1239 1479 observationem

26 1501 150 1562 tauerribo:
181 1505 242 1564 »An
274 1505 429 1566 authentio
459 1506 604 1581 specimen
636 1505 669 1565 oi
690 1506 835 1565 Grimms‘c
858 1505 990 1566 Forata-i
1012 1505 1104 1565 Smne
1136 1505 1166 1563 in
1189 1507 1239 1564 the

25 1579 147 1647 darianum
176 1591 207 1650 oi
234 1592 312 1652 Prot
342 1591 463 1652 Annum
499 1591 667 1664 (continued
705 1593 743 1668 by
775 1594 899 1652 another
926 1593 956 1652 in
990 1593 1079 1652 llerb.
1107 1592 1239 1664 Tonans)

25 1673 103 1732 ualles
121 1693 149 1734 us
168 1681 196 1738 to
218 1679 380 1740 determine
403 1680 474 1739 with
496 1680 642 1755 certainty
666 1693 683 1740 a
706 1696 782 1740 mess
806 1681 900 1740 which
923 1680 978 1739 has
1005 1680 1135 1738 hitherto
1167 1680 1240 1738 been

25 1757 152 1898 boulomded
179 1766 245 1826 rith
277 1766 419 1845 Zygodcn
446 1767 642 1826 viridissimae
670 1768 728 1826 and
757 1767 829 1826 with
860 1769 910 1828 the
937 1769 1002 1826 true
1032 1766 1066 1825 Z.
1088 1767 1241 1826 oenomaus

38 1859 102 1904 ress«

502 2012 615 2086 Fam
640 2012 710 2082 VI.

400 2139 796 2225 Orthotrioheae.

75 2306 181 2377 Plantae
209 2312 420 2397 vegetationis
452 2315 545 2397 atque
573 2313 780 2380 innovationis
811 2312 901 2378 modo
929 2311 1127 2378 (luimmiaeis
1158 2310 1240 2376 haud

23 2403 149 2492 hemlee,
177 2415 252 2483 heia
283 2419 392 2482 tanam
423 2417 567 2500 penthari
596 2418 769 2503 gaudentes
802 2417 901 2482 totius
933 2411 1069 2482 familiae
1100 2413 1239 2480 membra

22 2507 82 2586 pino
99 2515 196 2584 iutuitu
218 2520 442 2605 distinguente.
487 2520 598 2588 Gaulos
627 2521 677 2588 vel
707 2523 738 2587 in
766 2520 942 2603 pulvinulos
964 2518 1013 2584 vel
1034 2519 1066 2584 in
1088 2517 1238 2600 caespites

22 2614 96 2684 uhtu
112 2619 259 2705 depressos
275 2627 429 2710 congesti,
452 2625 621 2692 innovando
636 2626 809 2691 dichotome
823 2623 1125 2708 fastigiata-ramosi,
1149 2641 1238 2706 prae-

22 2715 72 2798 ²'tlt
88 2722 141 2790 baal
155 2727 341 2807 radicantes,
363 2728 515 2795 breviores
536 2729 641 2808 erecti,
655 2729 811 2814 longiores
826 2728 1049 2806 decumbentes,
1071 2725 1155 2794 haud
1170 2741 1240 2792 raro

22 2837 74 2906 nge
90 2833 285 2914 prorepentes,
309 2850 412 2898 mmos
434 2831 592 2917 florigeros
616 2833 810 2916 ramulosoue
832 2831 939 2898 breues
963 2833 1078 2898 erectos
1094 2825 1239 2896 emitten-

22 2929 162 3005 tfflotce
188 2935 374 3014 nonnullae,
407 2936 680 3019 Maeromitrtum,
715 2938 951 3015 Saldotheimio,
975 2935 1239 3019 demetendis),

22 3025 73 3098 tua
89 3035 186 3104 loliosi.
230 3040 323 3106 Folia
345 3039 576 3107 innovationuau
598 3041 705 3108 infima
727 3042 865 3121 minora,
898 3045 1020 3110 caetera
1042 3039 1239 3125 autunnalia

22 3131 91 3212 'litem
110 3159 207 3210 versus
230 3144 350 3211 sensim
372 3143 532 3223 densiora,
561 3145 690 3211 humida
721 3147 861 3228 patentia
890 3149 921 3212 et
953 3165 1129 3229 squarrosa,
1158 3144 1240 3210 sicca

22 3235 182 3312 ubinlritata
203 3249 253 3315 vel
277 3247 522 3330 cirrata-crispa,
546 3249 695 3334 oblongo·
716 3251 749 3316 et
764 3249 1107 3335 elongato-lanceolata,
1131 3247 1239 3314 tereti-

22 3343 103 3424 Μ
121 3348 248 3438 integra,
271 3353 412 3438 margine
434 3353 611 3436 plerumque
632 3354 781 3433 revoluta,
805 3356 948 3421 saturato
970 3356 1019 3419 vel
1035 3372 1052 3419 e
1066 3353 1149 3418 luteo
1164 3350 1239 3416 viri·

22 3439 151 3521 fi&aestate
172 3457 348 3542 ferruginea
370 3458 402 3522 et
423 3455 618 3542 nigricantia,
643 3476 745 3540 opaca,
768 3459 887 3524 minute
901 3457 1063 3542 papillosa,
1086 3456 1239 3524 eeellulis

22 3549 201 3635 clytomidis
217 3563 250 3626 iu
265 3563 354 3644 parte
370 3561 524 3645 superiore
546 3561 628 3628 haud
651 3581 721 3630 raro
743 3563 920 3629 bistratosis
942 3565 975 3629 at
997 3562 1115 3629 areolas
1138 3561 1239 3627 miuu-

22 3663 263 3743 appenninos,
287 3665 320 3730 in
342 3667 431 3750 parte
453 3666 579 3732 basilari
603 3667 652 3733 vel
674 3669 806 3753 anguste
825 3669 988 3752 elongatae
1004 3666 1052 3733 vel
1067 3667 1238 3750 hexagono-

22 3764 156 3846 ”ttgulas
188 3767 413 3848 formantibus,
444 3769 611 3838 minorihus
643 3771 854 3855 chlorophyllo
883 3769 1039 3854 impletis,
1070 3769 1238 3853 majoribus

22 3861 113 3975 [Ninia
153 3871 310 3958 Vaginula
333 3871 480 3958 oblonga,
503 3875 578 3940 tubo
600 3877 831 3942 membranaceo
854 3875 993 3956 adaucta,
1017 3889 1107 3957 saepe
1130 3872 1239 3957 pilosa.

22 3959 115 4048 elrcus
134 3974 353 4044 mnoerorma
375 3978 423 4044 vu
445 3978 706 4062 suppuratae,
729 3978 997 4064 heuptsichtum
1019 3979 1105 4044 uate
1119 3977 1241 4062 pensae

22 4065 92 4138 rhu
111 4083 209 4146 aare
231 4081 358 4164 plicata,
380 4081 480 4148 rarius
503 4082 609 4161 laevia
632 4083 729 4166 pilosa
752 4083 801 4149 vel
822 4084 914 4161 nuda,
937 4083 1094 4150 rarissime
1115 4081 1239 4148 inflato·

22 4173 118 4246 ¹[illata
151 4183 432 4270 (Drummcrvdrir).
478 4185 611 4269 Oapsula
644 4189 675 4253 in
704 4189 852 4271 pedioallo
884 4191 967 4254 recto
1000 4187 1159 4266 immersa,
1191 4185 1239 4251 vel

22 4289 140 4364 Urgem,
169 4290 218 4354 vel
247 4291 370 4356 tandem
401 4291 471 4373 plus
493 4291 596 4357 minus
618 4292 683 4360 alte
705 4294 846 4370 oreada,
878 4295 1000 4371 mech,
1032 4289 1239 4375 symmetrian,

22 4393 67 4460 tlt
84 4391 197 4460 striata.
245 4393 395 4476 Opernnlo
417 4393 563 4461 rectirost
580 4397 599 4462 ‘.
645 4396 768 4463 Annulo
789 4397 884 4463 nullo.
921 4397 1140 4463 Peristomium
1163 4394 1240 4459 sim-

22 4477 111 4557 luvel
130 4495 257 4579 duplex,
291 4497 447 4564 rarissime
469 4498 604 4578 nullum,
638 4503 754 4568 externi
776 4501 883 4567 dentm
906 4501 927 4566 8
949 4500 1149 4585 bigeminati,
1174 4497 1238 4563 late

22 4594 139 4676 uocati,
158 4601 208 4667 vel
235 4601 275 4666 lt
297 4602 457 4685 geminati,
481 4605 597 4670 remote
612 4606 786 4672 transverse
800 4604 967 4680 articulati,
989 4602 1083 4685 plani,
1107 4600 1240 4666 cuticula

22 4695 88 4760 Μ
105 4701 278 4792 pleramque
299 4705 423 4794 papillis
454 4705 636 4778 &anseius
666 4703 811 4780 ctuerus
842 4707 982 4785 obtecta,
1015 4705 1098 4770 intus
1129 4703 1240 4772 leniter
