3334 5254
305 353 369 422 840
840 349 1035 423 Sphagneeeae.

304 527 622 606 reticuloso-fibrosis,
655 526 737 610 poris
767 527 875 593 multis
906 527 1132 612 inaequalibus,
1162 530 1258 595 latore
1287 529 1435 611 superiore
1460 529 1488 592 cl
1506 527 1544 592 in·

305 634 412 701 feriore
433 633 664 710 confluentibus,
686 633 906 717 marginalibus
928 634 1069 716 angustis
1084 633 1248 712 biscriatis,
1272 631 1546 698 ertcuoribuseutus

305 740 389 806 sulco
419 735 634 822 longitndinali
664 736 810 815 exaratis,
838 736 1091 820 chloropbyllosis
1122 735 1303 819 compressis
1331 736 1448 801 omnino
1466 733 1548 800 iuclu-

305 843 361 921 sis;
384 842 457 909 folia
479 841 664 908 ramulorum
686 839 885 923 pendulorum
907 840 1132 920 remotiuscula,
1156 842 1275 926 caepim
1298 841 1486 918 subsecundo,
1506 858 1550 903 au·

305 947 454 1032 gustiora.
499 945 604 1011 Floras
628 944 756 1012 masculi
779 944 811 1010 iu
833 944 959 1011 ramulis
983 945 1123 1028 pendulis
1153 946 1233 1012 baud
1262 946 1440 1024 amentacei,
1461 945 1551 1012 anthe·

304 1052 391 1119 cidiis
406 1070 514 1134 pamm
529 1049 707 1129 numerosis,
730 1050 833 1116 uacuis
848 1049 1076 1117 labescentibus.
1108 1050 1334 1116 Pericbaetium
1352 1049 1552 1136 gemmiiorne,

304 1157 471 1236 curcurlum,
494 1175 646 1239 nunquam
669 1155 869 1232 dissolutum
892 1154 966 1221 folia
982 1157 1089 1222 ovato-
1104 1156 1136 1222 ot
1151 1156 1476 1240 oblongo-lanceolata,
1495 1155 1553 1220 sub

305 1262 436 1341 falcata,
467 1260 680 1339 solidiusccla,
702 1260 787 1343 apice
810 1259 955 1343 profunde
978 1260 1170 1347 emarginato
1193 1261 1370 1338 bidentata;
1403 1262 1461 1328 reti
1481 1261 1554 1328 utin

305 1365 387 1432 foliis
418 1365 577 1431 ramulinis
609 1363 699 1430 ualde
725 1363 837 1430 fibroso
860 1365 951 1448 atque
974 1361 1091 1432 miuute
1113 1383 1242 1448 poroso,
1272 1366 1312 1432 ad
1333 1366 1500 1452 marginem
1518 1367 1554 1430 iu·

306 1469 445 1536 leriorcm
462 1468 647 1552 angustiore,
671 1469 709 1534 ad
725 1469 910 1551 superiorem
926 1469 1046 1548 latiore,
1068 1470 1100 1535 in
1116 1469 1209 1553 apice,
1233 1489 1302 1536 eum
1316 1471 1348 1534 in
1364 1489 1486 1536 acumen
1499 1489 1555 1552 pro

306 1575 423 1653 ductus,
445 1573 630 1658 angustiore.
675 1572 807 1656 (lapsula
829 1573 973 1640 immersa
995 1574 1043 1640 uel
1058 1574 1191 1640 breviter
1204 1593 1333 1654 emersa,
1357 1574 1438 1640 sicca
1451 1574 1557 1656 deoper-

306 1679 410 1746 cnlata
432 1676 732 1762 truncato-oblonga.
776 1675 903 1742 Scarus.
926 1676 947 1740 l.
971 1695 997 1742 c.
1020 1678 1084 1743 tab.
1112 1676 1161 1743 18.

309 1799 492 1886 Spbopoum
513 1806 706 1884 compactum
727 1799 845 1883 (Baro.)
867 1817 930 1865 var.
953 1801 1113 1885 rigidum,
1146 1799 1228 1866 soliis
1259 1801 1344 1884 apice
1367 1800 1480 1884 paonis
1500 1817 1559 1864 oon·

416 1904 718 1982 voluto-attenuatis,
756 1904 912 1988 rigidulis,
948 1905 1115 1988 pedunculo
1151 1905 1260 1989 gracili
1295 1905 1420 1990 longius
1448 1907 1559 1970 exano.

412 2007 498 2072 Nuus
520 2009 552 2072 ct
573 2007 735 2073 Hosuscn.
757 2007 864 2091 Bryol.
888 2027 985 2092 germ.
1007 2010 1031 2084 I,
1053 2029 1083 2092 p.
1109 2008 1159 2086 14,
1181 2011 1205 2075 t.
1223 2009 1253 2073 2.
1299 2007 1331 2074 Ο.
1349 2009 1484 2074 Monens
1501 2007 1559 2091 syn

305 2113 488 2198 Sphopoum
509 2114 650 2196 rigidum
672 2110 798 2177 Scfflnre.
822 2110 845 2178 l.
868 2132 894 2178 e.
917 2131 947 2195 p.
971 2111 1030 2192 65,
1055 2112 1119 2178 tab.
1145 2111 1195 2177 10.
1240 2113 1367 2178 Hasna.
1392 2111 1502 2179 Skand
1523 2111 1559 2175 m

411 2216 544 2281 Russow
568 2215 663 2281 Reitr.
709 2215 874 2282 Scumnru.
898 2215 995 2282 Beitr.

304 2320 413 2400 Vand
436 2327 638 2404 compactum,
660 2318 784 2398 humile,
807 2323 962 2402 compacte
977 2319 1363 2403 puluinatocaespitosum,
1387 2322 1474 2388 mule
1487 2319 1562 2386 moni

412 2425 534 2501 unciali,
557 2423 603 2488 bi·
625 2425 657 2488 et
679 2422 850 2501 trionciali,
872 2423 1001 2490 ramulis
1022 2423 1114 2490 dense
1136 2424 1280 2490 confertis
1301 2426 1416 2492 erectis
1439 2427 1470 2491 et
1488 2423 1562 2506 quasi

411 2527 582 2593 imbricatis
615 2527 755 2593 breuibus
786 2527 913 2606 crassis,
946 2527 1044 2594 colore
1067 2527 1180 2612 pallide
1201 2528 1373 2596 rutescentc
1395 2529 1444 2595 uel
1465 2527 1562 2613 pallide

413 2631 520 2698 viridi·
542 2635 574 2698 et
595 2632 847 2716 rulo-variegata

305 2738 489 2825 Spiropoum
510 2740 691 2802 immersum
712 2738 799 2803 Nuus
821 2740 853 2803 ot
876 2737 1036 2804 Honusen.
1058 2738 1161 2822 Bryol.
1184 2757 1280 2822 germ.
1303 2739 1345 2817 11,
1370 2758 1401 2822 p.
1428 2739 1475 2816 tl,
1497 2741 1518 2802 t.
1540 2737 1560 2798 l,

306 2844 490 2929 Spbcqnccm
512 2849 704 2927 compactum
728 2840 845 2928 (Bam.)
870 2841 999 2907 Wnsou
1021 2843 1125 2926 Bryol.
1148 2843 1227 2907 Brit.

392 2965 501 3036 Habet.
525 2964 555 3028 in
578 2963 700 3030 ericotis
723 2964 867 3043 humidis,
890 2963 929 3030 ad
951 2965 1101 3030 montium
1123 2964 1224 3029 latera
1240 2961 1394 3048 uliginosa
1409 2967 1440 3029 et
1455 2962 1485 3026 in
1497 2957 1561 3042 ipsis

241 3063 245 3072 ’
304 3069 429 3152 rupibus
451 3068 571 3146 roridis,
594 3068 684 3150 inque
705 3067 830 3133 turiosis
853 3067 1036 3152 graminosis
1056 3087 1109 3150 por
1123 3069 1224 3134 totam
1240 3086 1346 3133 nouam
1362 3065 1561 3132 intermediam

305 3174 406 3240 minus
427 3171 545 3257 copiose
566 3190 657 3253 quam
680 3173 905 3252 praecedentia,
938 3173 1036 3238 rarius
1069 3172 1102 3237 in
1131 3171 1379 3254 septentrionali,
1410 3170 1463 3236 ubi
1485 3185 1562 3252 prope

306 3277 465 3345 Govaliam
500 3274 533 3341 0.
556 3275 712 3340 ΗΔΒΤΜΔΝ
744 3276 836 3357 atquo
868 3276 900 3340 in
921 3275 1076 3360 Lapponia
1107 3273 1220 3359 pitensi
1253 3293 1345 3358 prope
1368 3274 1562 3356 Amridsjccr

307 3382 337 3449 S.
360 3382 521 3447 Lrunaaao
543 3380 684 3463 legerunt
706 3381 797 3461 atque
819 3381 1134 3457 communicaverunt3
1166 3399 1230 3446 var.
1253 3386 1274 3458 β
1295 3381 1327 3444 iu
1348 3379 1493 3445 turfaceis
1513 3379 1562 3442 sic·

307 3486 439 3551 cioribus
462 3483 512 3549 uel
534 3483 690 3548 montibus
712 3483 884 3550 altioribus.

394 3587 502 3652 Fract.
525 3593 641 3651 motor.
664 3585 761 3652 Julio.

395 3715 537 3774 liridelius
566 3716 596 3774 et
628 3714 678 3773 alii
707 3715 879 3775 uarietatem
911 3717 1089 3790 compactam
1121 3733 1185 3774 cnm
1215 3715 1358 3775 ramento
1390 3715 1476 3774 simili
1504 3713 1560 3788 apl.

308 3802 466 3882 cymbifolii
495 3803 745 3861 commutaverunt
774 3806 804 3862 ot
837 3806 971 3863 auctores
994 3803 1129 3880 Bryolog.
1151 3819 1279 3877 german.
1302 3801 1425 3863 formam
1449 3803 1560 3876 typicam

309 3890 415 3965 speciei
437 3906 490 3962 pro
513 3888 655 3947 sauciato
678 3889 797 3948 Bridolii
821 3889 889 3966 Splc.
913 3893 1052 3966 compacti
1081 3891 1164 3948 ualde
1194 3889 1322 3965 ambigui
1345 3890 1560 3950 declaraverunt.

310 3979 353 4037 Ne
377 3993 456 4036 error
478 3975 555 4034 ultra
578 3975 763 4034 continuetur
785 3995 888 4036 nomen
910 3978 1029 4052 bsu'usce
1051 3977 1092 4036 sic
1115 3977 1210 4036 dictae
1234 3978 1387 4036 varietatis
1411 3995 1462 4052 pro
1485 3977 1561 4034 torma

310 4065 408 4140 typica
432 4080 569 4138 propono,
585 4063 631 4120 cui
647 4081 746 4122 revera
763 4065 869 4138 optimo
885 4065 1028 4134 convenit,
1050 4081 1209 4139 nomenque
1225 4071 1402 4142 cmopoclum
1418 4081 1469 4140 pro
1484 4063 1560 4122 lorino

310 4153 388 4212 baud
411 4150 496 4209 dubie
519 4150 691 4210 uarietatem
714 4152 829 4226 proprie
852 4153 893 4212 sic
915 4153 1022 4212 dictam
1045 4152 1175 4212 sistente.

396 4253 499 4312 Forma
519 4253 665 4324 normalis,
687 4270 761 4329 qnae
784 4255 862 4314 baud
884 4272 950 4315 raro
973 4255 1156 4330 semipedalis
1178 4257 1207 4314 ot
1223 4254 1309 4314 altior
1325 4254 1468 4330 provenit,
1487 4267 1559 4326 quan

311 4340 442 4415 pedalem
464 4341 491 4398 S.
514 4341 664 4398 Luuusaso
688 4359 702 4398 o
724 4342 877 4415 Lapponia
900 4343 987 4413 misit,
1009 4343 1095 4402 facile
1117 4342 1299 4417 dignoscitur
1321 4342 1432 4416 plantis
1454 4355 1559 4414 superor·

311 4428 451 4487 uiridibus
473 4426 566 4486 minus
589 4428 676 4486 derisa
699 4428 851 4502 confertis,
873 4430 950 4490 foliis
972 4430 1185 4504 patentioribus
1208 4430 1342 4490 siccitate
1363 4429 1472 4504 rigidis
1514 4425 1559 4480 la·

310 4517 399 4574 rictas
422 4518 523 4574 ccrrtra
545 4515 690 4574 densitate
713 4516 886 4577 ramulorum
908 4519 937 4576 et
960 4517 1121 4592 caespitum
1140 4535 1193 4576 uec
1208 4535 1266 4576 non
1282 4517 1375 4576 colore
1389 4510 1559 4576 luscosconri·

311 4604 470 4680 uariegato,
493 4602 636 4661 brevitate
659 4601 777 4677 plantas
801 4622 874 4679 quae
898 4605 943 4664 bic
966 4604 1025 4664 illio
1047 4605 1231 4664 semiunciam
1255 4604 1302 4664 rin
1325 4605 1458 4680 superat,
1479 4613 1557 4658 mnu·

310 4688 346 4748 lis
368 4689 527 4749 suberectis
549 4689 717 4748 densissimo
751 4690 889 4751 confertis
921 4695 951 4752 et
977 4691 1062 4766 quasi
1091 4691 1269 4764 imbricatis,
1298 4691 1376 4752 foliis
1398 4687 1555 4750 babanbu-
