3434 5234
293 381 357 451 294
836 375 1037 434 (irimmiaceee.

293 557 371 623 tata.
402 554 585 639 Operculum
609 552 735 620 rostello
757 551 842 618 brevi
858 551 979 636 obliquo
994 550 1193 616 instructum.
1223 548 1329 632 Bryol.
1345 567 1409 614 eur.
1426 547 1494 615 Vol.
1510 550 1569 628 ΠΙ,

292 661 368 727 Tab.
386 659 459 726 206.

292 789 546 868 Gymocstomum
577 781 778 865 lapponicom
812 778 895 844 loliis
924 774 1265 861 elongato-lanceolatis
1289 775 1427 842 siccitate
1449 776 1568 859 crispis,

400 885 498 956 thecis
522 884 653 952 strietis.
699 884 810 948 Hecu.
834 883 930 948 Musc.
955 881 1053 948 trono.
1076 881 1135 958 111,
1158 900 1187 962 p.
1214 879 1265 956 10,
1288 880 1364 945 Tab.
1388 879 1427 944 V.

335 991 424 1057 Wne.
454 991 487 1054 et
515 988 614 1055 Mons
643 987 715 1052 Bot.
745 988 780 1052 Τ.
825 985 953 1052 Swrnrz
985 986 1080 1054 Musc.
1112 984 1196 1052 Suco.
1241 983 1328 1050 Nuus
1350 985 1383 1050 et
1404 985 1566 1050 Hesuscu.

401 1093 507 1179 Bryol.
531 1111 628 1178 germ.

291 1215 539 1298 Aooectonpium
561 1213 763 1297 lapponicum
785 1212 895 1276 Hecu.
920 1209 971 1292 Sp.
994 1210 1039 1275 M.
1085 1209 1259 1276 wambe.
1283 1207 1331 1274 ll.
1355 1207 1438 1293 lapp.

293 1319 551 1402 Gyomostomom
574 1317 724 1380 oriolum
746 1316 837 1380 Bere.
860 1315 966 1397 Bryol.
990 1312 1072 1378 uuir.

293 1421 445 1507 Zypooloo
468 1421 655 1504 lapponicos
678 1420 736 1484 Bn.
759 1421 792 1484 et
814 1418 886 1484 Seu.
911 1418 1016 1502 Bryol.
1039 1435 1102 1482 eur.
1134 1417 1260 1483 Hsnru.
1284 1415 1397 1484 Skund.
1414 1415 1461 1482 Fi.
1477 1416 1563 1484 ece.

402 1523 436 1590 C.
460 1523 594 1588 Monens
617 1521 746 1605 synope.
790 1521 922 1586 Wrusos
944 1520 1049 1604 Bryol.
1074 1518 1153 1584 Brit.
1197 1520 1247 1586 Du
1269 1519 1388 1585 Nonus.
1412 1519 1492 1602 Epil.

294 1627 500 1714 Ampbc'diom
523 1627 725 1710 lopponicum
749 1625 860 1692 Scirem
885 1623 998 1691 Coroll.
1451 1715 1455 1724 ι

380 1749 489 1814 cho't
518 1747 550 1812 in
578 1745 700 1829 rupium
723 1745 842 1812 fissuris
862 1745 998 1830 ¹regionis
1021 1743 1201 1826 subalpinae
1223 1743 1371 1826 usquein
1395 1745 1564 1829 suprcalpi·

291 1871 364 1919 nam
397 1870 488 1918 zonae
521 1851 736 1930 intermediae,
769 1850 951 1933 campestris
982 1867 1076 1931 usque
1106 1849 1138 1912 in
1168 1846 1305 1931 alpinum
1329 1865 1422 1915 zonae
1444 1853 1564 1931 septen-

291 1957 440 2024 trionalis.
484 1955 520 2022 ln
542 1973 619 2022 aona
640 1955 826 2021 intermedia
848 1953 929 2020 baud
952 1953 1081 2037 vrrlgore
1101 1953 1168 2032 est,
1197 1950 1347 2034 copiosius
1381 1951 1413 2016 in
1445 1955 1565 2036 septen·

290 2061 426 2130 trionali.

379 2167 488 2232 Fruar.
511 2172 627 2230 motor.
651 2165 780 2231 aestate.

379 2293 503 2354 Plantae
526 2292 744 2363 semiunciales,
778 2291 906 2350 unciales
933 2309 999 2350 raro
1022 2290 1197 2362 biunciales3
1228 2289 1409 2362 humiliores,
1437 2293 1564 2366 quaein
1701 2345 1702 2348 ,

290 2382 406 2457 Vogeso
429 2383 458 2440 et
480 2381 510 2440 in
527 2381 651 2455 Alpibus
667 2381 828 2450 occurrunt,
852 2379 1027 2452 caespitnlos
1043 2378 1174 2437 efficiunt
1187 2377 1282 2454 magis
1298 2381 1464 2453 compactos
1479 2397 1564 2454 quem

290 2469 411 2528 slticres
433 2485 534 2527 zonam
556 2467 726 2542 praesertim
750 2466 1006 2539 septentrionalem
1030 2465 1210 2524 habitantes.

650 2678 679 2736 2.
717 2676 984 2746 Amphoridium
1006 2675 1206 2744 nongentis

551 2798 691 2873 Zygoelcn
714 2797 876 2872 llougeotii
899 2799 951 2856 Bn.
975 2800 1006 2856 et
1030 2797 1095 2855 Son.
1119 2797 1217 2873 Bryol.
1240 2815 1300 2857 eur.

377 2927 527 2996 Dioicum.
573 2927 730 3012 Geespitcs
754 2929 879 3007 molles,
910 2929 999 2994 valde
1025 2929 1248 3009 tumescentes,
1283 2927 1406 2995 steriles
1428 2927 1564 3007 maximi,

290 3051 419 3117 superne
441 3033 654 3100 luteo-virides
677 3033 794 3100 inferne
817 3032 993 3119 ferruginei,
1016 3031 1160 3099 radiculis
1182 3035 1288 3117 paucis
1309 3033 1476 3099 intertexti.
1506 3031 1565 3098 Fo-

289 3136 333 3202 lia
355 3137 505 3222 longiora,
528 3138 718 3223 angustiora,
744 3139 826 3204 basis
844 3139 983 3222 margine
998 3155 1136 3216 recurva,
1160 3137 1300 3204 siccitate
1315 3137 1417 3203 minus
1431 3136 1564 3221 crispata

289 3241 372 3307 hauri
394 3243 557 3324 torquete3
580 3243 758 3326 pericboetii
781 3243 854 3309 lolia
877 3243 942 3308 sole
965 3243 1030 3309 besi
1054 3243 1243 3327 saginastis,
1267 3241 1456 3327 augustiora.
1487 3243 1565 3325 Cap-

289 3345 357 3410 snle
379 3343 410 3410 in
432 3345 579 3428 pedicello
602 3347 693 3430 duplo
716 3347 853 3432 longiore
876 3346 976 3432 magis
999 3365 1172 3431 emergens,
1195 3345 1287 3428 penio
1309 3347 1456 3430 crassior,
1477 3365 1564 3430 oper·

289 3448 359 3514 culo
381 3449 587 3516 subulircstri.
632 3450 736 3534 Bryol.
762 3469 824 3516 eur.
848 3449 917 3515 Vol.
935 3451 993 3529 ΙΙΙ,
1016 3449 1092 3516 Tab.
1109 3447 1182 3515 206.

291 3567 443 3656 qucdon
475 3571 646 3656 Moupectii
677 3571 734 3636 Bu.
766 3573 798 3636 et
833 3569 904 3637 Son.
932 3591 958 3637 e.
982 3570 1003 3636 l.
1050 3570 1083 3637 C.
1106 3569 1240 3636 Montes
1263 3567 1393 3656 Synops.
1438 3571 1562 3636 lerrr.

401 3669 513 3740 Skand.
536 3673 583 3741 Pl.
629 3675 727 3740 Wns.
751 3675 853 3760 Rryol.
877 3675 956 3742 Brit.

377 3793 486 3859 Habit.
517 3794 549 3859 in
580 3797 700 3880 mpium
732 3797 850 3863 fissuris
882 3797 1018 3863 humidis
1047 3818 1063 3864 e
1093 3795 1215 3882 regione
1238 3795 1403 3880 campestri
1425 3801 1563 3863 montosa

289 3896 439 3979 usquein
461 3897 597 3981 alpinam
620 3918 674 3982 per
697 3903 795 3967 totam
818 3901 881 3966 fere
904 3901 1057 3984 Europam
1082 3899 1342 3986 uulgatissimum,
1366 3901 1419 3967 seri
1441 3920 1510 3967 raro
1533 3899 1563 3964 et

289 3999 388 4066 solum
410 3999 443 4064 in
466 4000 591 4084 rupibus
615 4002 766 4070 interdum
784 4004 941 4070 stillicidio
957 4004 1097 4070 irroratis
1114 4005 1230 4070 fructus
1246 4004 1422 4090 proferens:
1445 4007 1562 4088 copiose

288 4102 454 4170 fructificat
470 4105 501 4169 in
518 4105 684 4172 Arvernioe
707 4107 797 4173 bione
820 4107 909 4172 Dore
932 4127 1019 4174 secus
1041 4109 1073 4172 lo
1095 4111 1218 4194 prande
1243 4109 1392 4189 Caecade,
1415 4109 1467 4176 ubi
1482 4111 1562 4174 Parr-

289 4223 366 4274 soore
399 4207 515 4276 retexit
543 4211 575 4275 et
605 4211 702 4278 serius
733 4212 886 4278 cibarer
917 4212 1037 4294 copiose
1064 4213 1141 4296 legit
1164 4215 1196 4280 et
1218 4213 1321 4290 misit3
1354 4213 1510 4280 mrissime
1531 4211 1562 4277 iu

289 4310 412 4396 Vogeso
434 4312 598 4396 superiore,
621 4315 673 4382 ubi
695 4335 787 4399 prope
810 4319 1035 4382 Betouruemcr
1058 4317 1138 4384 beet.
1162 4317 1315 4384 llououor
1337 4337 1408 4385 curn
1430 4315 1562 4403 capsulis

288 4415 443 4482 nonnullis
465 4417 593 4500 reperit,
616 4418 647 4484 iu
671 4419 879 4505 Solisburgiae
903 4420 1044 4502 Alpibus,
1068 4421 1145 4486 unde
1168 4421 1256 4488 amic.
1280 4419 1404 4488 sicem
1427 4421 1564 4488 fructife-

287 4538 356 4586 rum
379 4519 476 4600 misit,
499 4521 530 4586 in
554 4523 659 4606 Tyroli
674 4525 801 4608 (runs),
823 4527 855 4591 in
878 4525 1033 4590 montibus
1055 4525 1250 4592 remensibus
1272 4526 1508 4612 (Gnuoracuo),
1531 4527 1561 4590 et

287 4624 447 4708 praecipue
479 4625 510 4692 in
545 4627 625 4694 uelle
650 4629 828 4696 Oorrobbioa
850 4631 883 4696 et
913 4629 1044 4714 l'eyezzo
1066 4629 1128 4712 (Iis
1152 4629 1290 4696 Noraars
1312 4649 1338 4697 e
1362 4631 1435 4714 al.),
1467 4631 1498 4696 iu
1519 4649 1563 4696 ur.

1491 4837 1505 4876 b
