3188 5230
555 292 754 364 snum
1233 289 1293 356 tlt

49 465 224 532 &miseras
246 467 411 533 Juliauum
434 468 523 533 Banu.
549 467 654 552 Bryol.
678 467 762 532 unis.
798 467 856 532 Be.
878 469 911 532 et
933 467 1007 534 sca.
1030 467 1135 551 Bryol.
1150 487 1213 533 eur.
1229 467 1251 532 l.
1268 485 1294 532 o.

49 571 247 636 Corromitrium
262 572 428 636 Julianum
443 572 547 637 olom.
571 571 683 637 Annal.
706 572 736 636 d.
760 571 808 637 So.
829 570 942 636 Natur.
970 571 1062 636 1837.
1092 571 1165 638 sm.
1181 571 1294 638 Coroll.

51 673 186 740 lissldurs
207 675 361 740 Julianus
381 676 454 742 Son.
478 675 629 759 Regensb.
653 676 722 740 Bot.
746 673 823 740 Zeit.
848 673 881 740 Ο.
905 675 1039 740 Monens
1061 675 1188 760 Syuops.

119 777 216 842 liubit.
249 779 282 843 iu
315 777 396 844 saxis
428 778 596 844 rivulorum
626 780 659 844 st
688 777 870 860 praeprimis
902 777 934 842 in
966 777 1137 860 perietibus
1165 777 1295 844 internis

54 882 154 963 lapile's
174 885 329 950 alveorum
351 885 482 952 sontium
504 886 696 968 publicarum
719 884 770 950 bio
791 885 856 952 illie
878 905 931 968 per
955 887 1054 952 totam
1068 887 1221 970 Europam
1244 906 1297 952 us·

56 987 138 1066 quein
155 988 298 1058 Sueoiam.
331 991 368 1055 In
382 989 498 1074 Anglia
518 989 726 1066 desidoratm3
749 1009 784 1055 ex
807 989 951 1056 America
972 992 1051 1072 sept.
1074 990 1165 1056 olarr.
1187 991 1297 1057 smm-

57 1107 117 1154 ιιιι
133 1095 159 1157 et
177 1093 384 1170 Lmoususox
407 1095 573 1170 miserunt;
596 1093 628 1159 in
650 1113 745 1180 regno
768 1093 924 1160 mexicano
947 1096 979 1159 et
1000 1094 1032 1158 in
1053 1093 1160 1161 Africa
1174 1095 1297 1178 septen·

56 1195 153 1260 tuonali
171 1199 201 1264 et
221 1199 414 1264 meridionali
437 1197 586 1282 provenit.

122 1301 216 1366 Fruct.
238 1311 355 1368 matur.
380 1303 447 1368 tota
469 1303 598 1370 aestate.

122 1414 223 1486 Species
244 1417 347 1474 nostra
370 1415 487 1490 generis
508 1415 664 1474 tenerrima
688 1419 733 1474 est
755 1417 785 1475 et
807 1415 921 1476 fruetus
944 1415 989 1474 sui
1012 1419 1072 1474 tam
1088 1417 1193 1474 minuti
1208 1419 1297 1491 atque

57 1499 210 1559 tentabiles
229 1505 299 1560 sunt
322 1505 356 1560 ut
379 1503 466 1576 louge
489 1501 768 1576 investigationibus
790 1503 992 1562 botanieorum
1015 1503 1196 1578 effugissent.
1241 1503 1298 1562 Fa·

57 1585 95 1640 cib
113 1587 136 1643 in
156 1589 277 1661 aquariis
300 1589 410 1648 colitur
432 1589 600 1663 frueturque
624 1589 871 1649 numerosissimos
887 1591 1009 1664 profert.
1040 1591 1197 1665 Calyptrae
1214 1589 1298 1664 plen·

57 1671 128 1728 tarum
141 1673 188 1732 boe
207 1677 288 1735 modo
311 1677 458 1734 cultarum
480 1675 559 1733 baud
581 1693 647 1734 raro
670 1676 824 1750 proliferae
847 1677 1041 1750 reperiuntur,
1064 1677 1107 1735 ita
1130 1678 1164 1736 ut
1185 1676 1298 1735 fruetus

58 1760 188 1820 coronulam
209 1762 378 1838 plantarum
397 1761 545 1837 juniorum
568 1763 695 1822 ferentes
717 1763 943 1837 conspiciuntur.
988 1764 1144 1839 Calyptrae
1165 1781 1298 1838 nempee

58 1845 143 1914 paneis
161 1865 208 1908 sna
239 1850 384 1909 exteriore
407 1849 552 1908 resticulas
574 1850 720 1908 brennone
742 1850 889 1922 emittunt,
912 1869 926 1909 e
949 1850 1054 1924 quibus
1077 1849 1207 1910 teriones
1230 1869 1299 1910 nae·

59 1936 139 1991 matur
157 1935 211 1995 sine
232 1937 392 2011 protballio
416 1936 583 2011 praemisso.
906 1957 909 1963 ·

124 2023 223 2092 Speo'es
244 2025 342 2099 plnres
366 2043 401 2082 ex
423 2023 557 2083 Amerina
578 2023 819 2097 septentrionali,
840 2023 963 2082 eontrali
987 2026 1017 2082 et
1040 2024 1221 2083 meridionali
1244 2042 1296 2084 neo

60 2121 103 2162 uon
121 2125 149 2166 ex
168 2109 308 2171 lustralia
330 2113 422 2171 nomo
444 2113 522 2170 sant.

530 2261 819 2390 'tribusltb¹

439 2399 881 2499 Sellgerlsoeae.

129 2569 241 2638 Plantae
262 2575 394 2656 pusillae
418 2593 488 2640 raro
510 2574 703 2658 spectabiles,
725 2575 885 2659 gregoriae
908 2574 956 2640 sel
977 2574 1070 2640 dense
1085 2573 1301 2656 caespitantes,

66 2669 106 2732 ub
122 2674 191 2755 spire
211 2677 342 2746 florifero
368 2681 560 2746 innovantes.
605 2679 694 2745 Folia
716 2679 893 2761 plurifaria,
923 2678 1076 2761 patentia,
1106 2679 1256 2762 ungusta,
1285 2697 1301 2743 e

67 2771 201 2848 lanosolato
230 2787 394 2864 subuleta,
424 2787 562 2864 costato,
593 2805 609 2850 e
640 2784 760 2851 oellulis
794 2785 879 2868 epioe
901 2784 1030 2850 minutis
1053 2784 1211 2866 quadratis
1234 2782 1302 2850 basi

67 2879 197 2962 majoribus
216 2889 405 2975 reetaugulis
426 2888 606 2972 composita,
630 2889 740 2955 laevia.
773 2888 878 2954 Flores
901 2885 1031 2953 monoioi
1046 2887 1095 2951 vel
1109 2885 1199 2952 dioioi
1214 2906 1302 2970 gem-

67 2983 194 3056 nilormee
235 2993 387 3080 Calyptra
413 2995 577 3072 euonllata,
605 2994 719 3072 laevis,
742 2993 811 3060 basi
834 2993 965 3076 integra.
1011 2990 1145 3073 Capsula
1167 2991 1302 3072 plerum·

66 3103 116 3166 ltt,
134 3098 224 3163 exerte
247 3099 462 3184 symmetriis,
492 3099 711 3185 gymnostome
742 3099 790 3164 vel
813 3094 991 3182 peristomio
1014 3094 1147 3177 simplici
1171 3093 1313 3159 iti-den·-

67 3189 114 3254 tao
125 3193 270 3281 instructa,
292 3203 438 3270 dentibus
454 3201 636 3269 lenoeolatis
652 3202 762 3282 acutis,
785 3200 904 3268 obtusis
919 3201 968 3265 vel
984 3197 1138 3264 truncatis
1155 3197 1301 3264 inesibus.

576 3387 691 3457 Fam.
717 3387 751 3455 1.

499 3517 824 3624 Seligerieue

130 3679 241 3754 Plantae
263 3690 420 3772 parvulae.
467 3690 615 3774 Calyptrs
638 3691 803 3757 cucullata.
835 3690 969 3771 Capsule
992 3688 1023 3753 in
1038 3687 1185 3770 pedioello
1201 3687 1302 3752 erecto

70 3795 118 3844 ”¹⁰
135 3795 244 3858 amau
265 3796 398 3873 exserte,
421 3797 513 3862 ovata
529 3795 576 3861 vel
590 3795 729 3880 globosa,
752 3795 830 3860 eollo
845 3793 992 3859 distincto
1007 3791 1126 3858 tumido
1140 3790 1302 3869 instructa,

71 3895 314 3966 sensumve
336 3900 572 3983 peristomieta,
606 3899 779 3983 peristomii
810 3898 952 3966 dentibus
982 3895 1207 3974 solidinsoulis,
1238 3894 1303 3960 late

72 3983 220 4078 ¹²¹1coeletis,
241 4005 339 4070 acutis
361 4005 410 4070 sel
433 4004 569 4084 mutieis,
590 4003 738 4070 bessibus.

504 4180 584 4257 oen.
611 4185 640 4256 1.
677 4179 822 4256 Anodus.

473 4327 526 4385 Ba.
548 4327 579 4384 et
601 4326 667 4385 Sos.
690 4325 789 4400 Bryol.
806 4341 865 4384 eur.

138 4443 236 4516 Planta
256 4454 417 4532 minimae,
450 4455 631 4539 gregoriae,
660 4456 745 4525 caulo
768 4453 948 4520 brevissimo
972 4450 1105 4534 simplici
1125 4450 1175 4516 vel
1198 4469 1214 4514 e
1236 4447 1305 4514 bnsi

75 4539 157 4612 tneo,
193 4553 275 4622 lolia
295 4558 635 4639 lanoeohmsubuleta,
658 4559 778 4625 minute
800 4559 932 4635 serrata,
954 4575 971 4621 e
994 4553 1114 4621 oellulis
1130 4551 1306 4618 subunilor-

75 4643 150 4716 “litos
174 4659 233 4724 rete
261 4661 459 4729 hximeulum
492 4659 878 4750 nexagmo-rsotangulum
899 4657 1104 4727 formantibus
1125 4653 1304 4742 composita.
