3128 5254
541 367 709 442 fluam
1197 371 1258 439 vta

21 545 122 613 urcuala
154 547 306 614 meierum
343 565 453 630 parum
480 549 611 614 mutata
656 547 842 633 operculum
872 547 936 614 late
967 547 1261 614 convexo-conicum.

21 650 134 716 laudus
162 652 329 736 angustus,
361 671 378 719 e
409 651 532 737 singula
565 651 644 718 serie
673 652 855 720 cellularum
881 651 1041 717 formatus.
1086 649 1263 716 Peristemii

21 753 103 820 lenus
121 754 158 820 ad
179 755 314 821 medium
337 773 433 838 usque
454 755 582 822 lineales
604 755 749 835 aurentii,
771 754 880 823 dehinc
901 753 1173 824 samam-subulca
1194 754 1262 837 pal·

21 856 72 932 lidi;
91 857 198 924 interni
213 860 389 926 membrana
408 858 550 926 basilam
567 859 629 926 alte
652 859 807 942 producta,
829 858 942 944 pallide
957 859 1120 938 latescens,
1142 877 1263 943 proces·

21 977 54 1023 uus
73 963 196 1044 puni,
225 962 327 1030 ciliola
353 981 516 1031 numerosa
537 963 729 1049 aequilonga.
774 963 888 1050 Speras
909 964 1112 1051 ferrugineae.
1156 963 1262 1048 Bryul.

21 1083 63 1129 ur.
84 1064 147 1132 Vol
170 1066 225 1147 VI,
247 1066 323 1135 Tab.
347 1067 421 1135 599.

21 1201 148 1288 Hypnum
172 1205 460 1273 &damnata-eneis
482 1207 610 1276 surculis
625 1207 773 1292 pinnatis,
794 1207 924 1276 ramulis
938 1208 1157 1294 approximatis
1172 1208 1265 1293 apici·

101 1307 154 1374 bus
177 1309 321 1377 recurvis.
365 1310 456 1377 unu.
480 1312 532 1394 Sp.
556 1313 604 1411 Pl.
627 1331 656 1396 p.
683 1311 763 1379 1591
786 1313 861 1381 exel.
885 1333 952 1398 syn.
975 1314 1108 1380 Danau.

45 1411 181 1492 llsnure,
201 1413 322 1479 annn
341 1415 375 1482 et
396 1433 476 1482 omn.
499 1417 612 1486 recent.

80 1551 190 1618 llcld.
213 1553 252 1619 ad
274 1553 389 1619 terram
411 1572 585 1621 muscosam
601 1555 760 1640 sylvarum
774 1555 934 1639 praecipue
948 1575 1151 1636 acaunum,
1173 1557 1266 1624 sociis

21 1649 155 1736 lplccucu.
179 1656 349 1742 triquetro,
369 1657 470 1740 loeo,
497 1657 690 1742 cplcadm
722 1659 886 1742 umbreae,
914 1661 1067 1744 copiosius
1089 1661 1121 1726 iu
1142 1662 1267 1746 ηςὶοιιο

21 1759 187 1826 rennuunt
202 1759 374 1843 subalpina,
398 1761 497 1826 rarius
518 1761 551 1827 in
566 1760 741 1845 campestri,
764 1781 857 1830 nonae
878 1762 1077 1845 intermediae
1096 1767 1128 1830 et
1143 1767 1268 1848 septen·

21 1859 151 1944 ionalis,
184 1863 235 1931 ubi
258 1865 363 1931 nmen
385 1865 485 1932 minus
508 1884 682 1935 comune:
710 1865 901 1936 abundanter
923 1870 956 1936 et
976 1869 1058 1937 laete
1077 1869 1266 1936 fructificans

21 1966 123 2034 currit
145 1968 180 2034 in
201 1968 315 2052 pinetis
329 1969 424 2037 Jurae
438 1969 619 2052 helvenace,
641 1970 756 2057 Vogesi
771 1973 802 2038 et
817 1971 1051 2058 Sylvae-nigrae
1065 1973 1268 2057 superiorum,

21 2067 43 2134 lc
62 2070 128 2137 illie
150 2071 185 2138 in
206 2072 320 2158 pinetis
343 2073 483 2156 planitiei
515 2075 686 2157 rhenanae,
716 2075 769 2143 ubi
802 2079 902 2144 rarius
930 2078 1047 2146 fructus
1073 2079 1206 2161 prolem
1237 2078 1267 2144 in

21 2177 158 2258 prunis
182 2179 215 2244 et
235 2179 366 2246 cauus
388 2179 509 2249 Galliae
530 2181 685 2249 montibus
706 2182 886 2251 editoribus
908 2184 989 2252 haud
1015 2203 1139 2264 mmm,
1169 2182 1268 2250 rarius

21 2279 214 2350 vGermcnia
241 2282 474 2367 septentrionali
503 2287 534 2353 et
564 2286 596 2351 in
618 2286 837 2367 scandinavia,
869 2287 921 2354 ubi
952 2289 1133 2374 praeprimis
1165 2289 1269 2373 sylvas
1398 2271 1402 2280 ¹

21 2383 123 2468 genis
146 2383 301 2452 inferioris
323 2387 446 2455 mbitct
468 2389 501 2455 et
523 2390 572 2455 hic
593 2389 659 2457 illic
680 2390 831 2458 uberrime
854 2391 1039 2471 fructificem
1075 2392 1149 2462 clar.
1172 2390 1269 2460 Sauro

21 2490 159 2557 eulmina
191 2489 305 2557 lertilia
334 2510 427 2575 prope
451 2493 540 2579 Lyclc
571 2493 603 2559 in
631 2493 759 2577 planitie
781 2494 1048 2581 Brandenburgiae
1068 2497 1149 2562 lecta
1171 2493 1268 2562 misit.

21 2615 27 2658 ι
47 2595 197 2664 Amerim
219 2596 461 2680 septentrionali,
483 2618 503 2664 a
526 2599 659 2665 Ocuadc
679 2601 712 2666 et
734 2599 993 2684 Newfuuudluud
1013 2619 1108 2686 usqua
1129 2600 1162 2666 in
1176 2598 1269 2666 Oaro-

21 2719 82 2766 uam
106 2700 352 2782 meridionalem,
374 2703 438 2770 anis
460 2703 537 2769 locis
559 2722 575 2769 e
597 2703 823 2790 vulgarioribus
845 2706 903 2772 est.

75 2805 194 2872 Fruct.
217 2813 333 2873 matur.
356 2808 531 2875 auctumno.
745 2801 756 2821 “

73 2935 178 3010 Stirps
201 2933 428 3010 elegantissima,
450 2935 488 2994 ob
514 2934 648 2994 habitum
670 2935 832 3010 specioeum
850 2934 1025 3010 regulariter
1039 2934 1272 3009 pennaelormenr

21 3037 50 3078 ,m
85 3021 174 3081 nulla
207 3021 266 3080 alia
297 3022 414 3098 generis
445 3022 658 3082 commutanda.
703 3022 827 3081 Fructus
855 3021 1024 3096 plerumque
1053 3021 1214 3096 complures
1237 3039 1271 3080 ex

21 3125 112 3182 reque
146 3109 243 3168 latere
270 3108 393 3183 pinnato
425 3109 516 3168 caulis
539 3109 620 3168 anati
646 3109 743 3168 antica
766 3125 880 3168 sursum
902 3111 1028 3183 vergunt
1050 3109 1080 3167 at
1102 3109 1181 3168 hand
1203 3125 1270 3168 raro

21 3211 47 3253 se
71 3196 259 3272 aggregant.
303 3195 350 3256 Ad
380 3196 515 3256 arborum
539 3196 651 3256 radices
674 3195 793 3270 plantae
817 3195 864 3254 lric
885 3195 945 3255 illic
967 3195 1140 3270 adrepentes
1162 3197 1271 3270 reperi·

21 3285 83 3342 ltur.

377 3463 509 3550 Subgen.
536 3465 585 3530 ll.
630 3463 897 3532 himnubium.

418 3593 490 3653 Gen.
512 3593 644 3654 Limnob.
666 3592 764 3669 Bryol.
787 3609 846 3652 eur.

72 3743 216 3810 Plantae
237 3742 409 3824 prostratae
431 3739 806 3824 demisso-caespitantes,
828 3756 918 3822 parea
940 3737 1132 3818 radicantes,
1154 3737 1274 3823 irregu-

21 3846 97 3914 riter
122 3863 268 3914 ramosae
289 3848 322 3911 et
343 3844 525 3912 ramulusae.
557 3843 645 3911 Folia
665 3841 854 3911 sumacunda
875 3846 907 3910 et
930 3841 1071 3922 secunda,
1092 3860 1162 3909 raro
1183 3841 1275 3910 undi-

21 3969 42 4016 s
65 3947 218 4034 patentia
240 3949 289 4016 vel
312 3947 552 4026 subimbricata,
574 3946 719 4027 munda,
741 3945 811 4030 plus
832 3945 974 4016 minusve
995 3965 1053 4014 unu
1075 3963 1164 4012 sensu
1185 3942 1275 4012 decr·

21 4075 50 4121 m
77 4055 215 4120 incurva
237 4052 338 4119 rarius
360 4051 517 4132 circinata,
539 4051 647 4120 mollia
668 4052 701 4118 et
722 4050 924 4129 mollissima,
947 4051 1011 4118 late
1031 4051 1125 4116 ovata
1148 4049 1198 4116 vel
1219 4048 1275 4117 ub·

21 4156 292 4242 ugo-lanceolata,
314 4156 403 4223 valde
424 4174 566 4236 concava,
588 4156 766 4240 plerumque
788 4156 922 4223 uncina
943 4156 976 4222 at
997 4153 1197 4237 inaequaliter
1227 4153 1276 4221 bi·

21 4260 236 4338 nocoatata,
274 4259 334 4325 reti
371 4259 480 4326 lineari
517 4262 714 4344 perangusto.
758 4257 943 4326 Perichaetii
979 4257 1165 4342 longiusculi
1201 4255 1275 4322 lolia
1369 4329 1373 4339 ,

21 4383 175 4448 eramque
209 4363 339 4429 sulcam.
384 4360 518 4445 Capsuda
547 4363 812 4444 meumocernua,
849 4360 971 4448 turgide
1000 4360 1093 4426 ovata
1124 4359 1173 4426 vel
1202 4357 1275 4425 sub·

21 4467 282 4555 urvo-oblonga,
304 4467 445 4552 operculo
468 4467 718 4536 convexo-conice
740 4466 789 4534 vel
811 4465 994 4545 mmillatu,
1017 4462 1128 4530 cundo
1143 4461 1275 4547 plerum·

21 4593 43 4640 ,ε
66 4573 155 4640 aco.
198 4571 420 4640 romanum
442 4571 565 4658 napa.

74 4675 203 4756 Murci,
235 4677 271 4744 ut
292 4695 403 4744 numen
423 4675 527 4756 ducet,
548 4673 742 4762 limnuphili,
773 4673 883 4744 habitu
904 4671 1172 4830 wiffam
1193 4669 1274 4738 haud
