3182 5252
521 341 717 413 spmgneeaa
1097 345 1101 350 ’
1197 343 1260 413 849

13 518 128 594 ἐυἰιιιή;
150 538 213 584 var.
236 545 254 602 y
275 520 347 604 (sec.
364 519 538 602 Lmnnsso)
559 518 591 583 in
607 518 741 584 humidis
757 519 826 602 plus
842 520 980 586 minusve
994 522 1098 604 parvis
1114 523 1146 588 et
1161 521 1261 588 eleva·

13 620 33 686 is
54 623 207 704 montium,
231 643 384 693 unacum
407 623 595 707 Polytriohis
621 623 716 690 varin
739 624 771 688 et
793 623 946 709 Sphagnis
969 625 1050 691 aliis.

73 726 178 793 Fruct.
202 735 319 793 matur.
342 729 479 811 tempore
501 729 630 796 aestivo.
731 781 733 784 -

73 857 174 915 Differt
197 858 234 916 ab
262 856 394 916 omnibus
424 856 636 931 congeneribus
664 855 906 929 praecedentibus
936 852 1047 915 nodulis
1077 857 1262 918 corticalibue

14 943 106 1015 brosis,
127 943 205 1004 foliis
228 945 340 1004 obtusis
362 943 445 1018 apice
468 946 554 1003 extus
576 959 711 1017 pororum
733 959 905 1018 magnorum
920 944 1102 1018 marginibus
1117 945 1262 1005 inferiori-

14 1049 42 1088 us
63 1032 210 1104 productis
233 1031 395 1105 squamosis
418 1031 465 1090 rel
487 1030 600 1090 cellulis
622 1030 794 1104 prominulis
817 1030 900 1105 quasi
923 1031 1083 1105 papilloeis.

71 1135 153 1194 Color
176 1135 310 1195 loliorum
339 1136 462 1195 maxime
491 1135 654 1208 variabilis,
677 1153 754 1195 nunc
777 1135 868 1194 diluto
891 1135 938 1194 sel
960 1138 1092 1197 saturato
1115 1137 1261 1198 oliraceus

13 1223 170 1296 inspicitur,
191 1240 268 1282 nunc
283 1223 515 1300 glauco-viridis,
537 1222 803 1283 viridi-suscescens
819 1225 849 1283 et
864 1225 980 1294 rubens,
1002 1241 1079 1283 nunc
1101 1242 1261 1300 purpuras·

13 1325 52 1366 ens
82 1312 112 1368 et
141 1310 334 1384 pulcherrime
365 1327 538 1386 purpureus.
582 1310 650 1369 Var.
673 1310 694 1384 β
716 1309 872 1386 praecipue
896 1311 925 1368 in
950 1311 1070 1371 turfosis
1093 1312 1261 1372 siccioribus

13 1397 128 1468 revenit,
151 1397 204 1456 nbi
226 1397 256 1456 in
279 1398 466 1473 proximitate
489 1415 630 1472 aquarum
653 1397 856 1474 stagnantium
879 1397 924 1457 sel
946 1399 977 1458 in
999 1399 1145 1473 depressis
1167 1401 1261 1460 hnmi-

13 1483 110 1544 ioribus
132 1485 241 1545 sensim
262 1485 292 1544 in
315 1485 437 1545 sormam
459 1485 616 1544 normalem
639 1486 765 1557 transit;
788 1503 882 1561 vary
904 1503 967 1544 oum
990 1486 1084 1546 forma
1105 1488 1238 1548 normali.

68 1587 138 1664 Splr.
156 1589 339 1666 papilionum
368 1590 397 1649 in
430 1590 615 1649 characteres
637 1589 724 1648 nimis
747 1590 831 1664 parvi
859 1592 997 1650 momenti
1019 1592 1168 1651 conditum
1190 1593 1261 1652 milri

13 1675 96 1734 idetur
118 1680 152 1736 ut
176 1693 229 1750 pro
252 1678 347 1751 specie
370 1677 490 1751 propria
511 1677 618 1736 habere
642 1677 759 1752 possim.

392 1926 447 1982 20.
478 1925 677 1994 sphagnum
699 1923 851 1982 Austtnt

264 2045 379 2105 smus.
402 2045 432 2105 in
455 2045 568 2106 Auscis
589 2046 682 2106 Musei
704 2047 867 2122 Appalach.
890 2047 942 2105 Nr.
960 2047 988 2106 2.
1035 2105 1048 2132 ⁸

71 2191 244 2266 ,Dioicom
288 2191 420 2258 Plantae
441 2193 596 2272 robustae,
630 2193 804 2276 speciosae,
840 2193 965 2270 molles,
999 2209 1127 2275 superne
1149 2193 1262 2275 pallide

13 2293 107 2375 uides,
129 2295 248 2362 inferne
271 2295 546 2365 lusco-ochramae.
593 2296 697 2363 Cauiis
720 2295 916 2379 semipedalis
939 2298 971 2360 et
993 2297 1103 2376 altior,
1134 2297 1263 2380 simplex

13 2398 31 2462 sl
61 2399 246 2483 bipartitus,
282 2402 628 2479 conferto-ramulosus;
661 2405 763 2468 strato
785 2400 925 2467 corticali
947 2401 1110 2485 spongioso
1132 2401 1263 2483 quadru-

13 2502 53 2567 iici
74 2523 90 2568 e
112 2505 237 2571 cellulis
260 2509 378 2588 porosis
402 2509 433 2572 et
456 2508 576 2574 fibrosis
599 2507 774 2586 exstructo,
797 2506 917 2590 ligneo,
940 2505 1051 2584 denso,
1075 2505 1261 2588 rubiginoso.

13 2607 66 2672 olia
89 2609 216 2674 caulina
239 2610 575 2695 oblongo-spathulata,
599 2630 727 2695 superne
743 2610 831 2676 valde
847 2608 1017 2686 fimbriata;
1041 2608 1169 2674 cellulae
1185 2611 1263 2694 hya-

13 2731 60 2776 uae
93 2714 271 2796 superiores
302 2715 423 2795 inanes,
455 2717 611 2782 inferiores
644 2715 730 2781 fibris
752 2718 786 2780 et
808 2715 890 2797 poris
914 2713 1093 2779 instructae.
1138 2713 1264 2780 Romuli

15 2817 79 2882 rato
101 2818 251 2886 celluloso
274 2819 407 2903 simplici
423 2821 535 2888 fibroso
550 2820 582 2886 et
596 2839 706 2903 poroao
721 2819 831 2897 induti,
855 2817 1101 2897 tumido-foliosi,
1123 2818 1263 2883 tornato-

13 2922 170 3004 soicnlati,
202 2924 319 2991 dnobus
346 2926 627 2992 arcuato-decursis
657 2925 706 2990 vel
729 2922 983 3000 horizontalibus‚
1015 2940 1075 2986 uno
1102 2922 1261 3004 pendente.

13 3027 64 3092 >lia
87 3028 286 3094 ramulorum
309 3029 410 3096 media
433 3031 543 3108 oralia,
566 3029 756 3114 marginibus
779 3027 919 3105 inflexis,
943 3045 1071 3108 superno
1093 3026 1262 3108 fimbriata,

13 3130 65 3198 rice
86 3132 244 3199 cucullato
266 3135 298 3200 et
321 3134 474 3202 intensius
497 3135 633 3202 colorato
657 3130 963 3216 squamoso-scabra,
986 3130 1105 3196 cellulis
1128 3129 1261 3214 hyalinis

13 3238 95 3302 erosis
118 3239 151 3303 et
175 3237 333 3322 spiraliter
354 3239 486 3318 fibrosis,
510 3238 595 3304 intus
619 3237 657 3304 ad
678 3237 778 3303 latero
796 3233 883 3301 fibris
898 3233 1126 3299 rudimentariis
1141 3233 1261 3313 obsitis,

13 3340 83 3404 aut
106 3341 174 3406 rete
197 3340 477 3427 chlorophyllosnm
499 3343 592 3408 dense
616 3341 649 3408 et
671 3340 851 3406 brevissime
881 3337 1069 3420 bispidulnm
1099 3340 1261 3420 appareat3

13 3443 97 3508 wllulis
132 3445 326 3512 intermediis
357 3446 612 3531 chlorophyllosis
644 3443 774 3529 trigonis
806 3443 844 3508 ad
876 3442 942 3507 lolii
964 3439 1073 3507 taciem
1095 3459 1261 3508 concavam

13 3550 114 3616 uersis.
157 3551 246 3616 Folia
268 3551 502 3634 perichaetialia
524 3551 751 3643 lateoblonga,
774 3547 908 3614 breviter
931 3547 1053 3624 obtusa,
1077 3546 1260 3626 acuminata,

13 3653 148 3733 nbriata,
172 3655 290 3721 cellulis
313 3655 463 3738 spiriferis
486 3657 518 3722 et
540 3655 622 3740 poris
644 3653 787 3738 pertusio,
808 3651 874 3716 illis
897 3650 928 3715 in
950 3650 1017 3715 lolii
1040 3649 1140 3715 medio
1156 3669 1260 3716 versus

13 3758 66 3823 sin
88 3759 244 3826 inanibus.
288 3760 395 3827 Floras
411 3760 560 3839 monoici;
583 3758 712 3825 masculi
734 3757 767 3822 in
789 3756 976 3824 ramulorum
993 3754 1077 3837 apice
1093 3754 1261 3834 subinflati,

13 3863 160 3943 nentaoei,
183 3862 346 3931 rariores.t
394 3863 569 3931 Snncrvnm
591 3865 675 3929 loon.
698 3863 796 3930 Musc.
820 3881 848 3944 p.
871 3857 901 3939 9,
924 3860 988 3926 tab.
1015 3863 1042 3924 1.

13 4011 168 4096 elrapnom
191 4013 324 4078 Auadioi
345 4011 469 4078 smnv.
493 4015 551 4078 loo.
574 4013 628 4077 cit.
651 4011 812 4076 Lmosnao
828 4008 860 4073 in
875 4009 946 4073 Act.
970 4005 1035 4073 Soc.
1059 4025 1101 4072 sc.
1125 4006 1205 4073 lenn.
1222 4007 1261 4086 X,

86 4135 116 4200 p.
141 4115 227 4196 280,
260 4116 292 4182 in
314 4117 443 4185 addend.
466 4117 580 4202 (1872)
603 4118 635 4183 et
658 4116 691 4181 in
712 4117 783 4182 Bot.
807 4114 880 4180 Not.
906 4111 1000 4178 1873.
1045 4113 1206 4178 Bnmruw.
1229 4111 1262 4177 in

86 4221 222 4288 Mouthl.
245 4221 386 4290 Microsc.
410 4224 517 4290 Journ.
541 4221 620 4306 Maji
644 4219 742 4299 1873,
766 4219 829 4286 tab.
848 4219 897 4284 17.

65 4369 177 4436 Habit.
201 4369 295 4454 (teste
316 4369 492 4454 Lisnousc)
526 4367 557 4434 in
580 4365 707 4434 turfosis
729 4365 880 4431 montium
904 4361 1032 4429 elevatis
1055 4363 1086 4426 et
1109 4361 1260 4429 humidis:

31 4473 157 4542 Sueciae
180 4493 266 4558 prov.
290 4473 417 4555 Nerilce,
441 4491 559 4557 paroec.
583 4473 672 4558 Viby,
696 4457 889 4554 detonsollo,
911 4468 1016 4533 sterile
1039 4465 1260 4552 (senioreto,

34 4579 68 4648 Ε.
92 4580 336 4665 chsasrnnn),
358 4599 443 4664 prov.
465 4577 718 4664 Wostrogothia,
741 4594 892 4642 unacum
916 4573 993 4659 Spl.
1017 4571 1205 4656 cymbisolio,
1228 4571 1260 4636 iu

30 4707 163 4760 Seruum,
178 4709 294 4763 synopsis.
321 4709 363 4751 Ed.
378 4711 411 4752 11.
1019 4693 1055 4748 54
