3054 5238
493 353 707 416 normam.
1173 355 1238 426 553

78 532 178 611 bifida,
201 534 253 600 ala
275 531 402 600 basilari
425 549 487 598 una
509 531 646 598 alterne
666 531 768 598 miuus
783 531 905 600 reflexa.
936 530 1070 615 Capsula
1085 533 1117 598 et
1132 549 1240 614 sporee

76 637 187 702 lormac
210 635 366 703 normalis.

7 756 145 822 'cuiauis
164 758 299 842 praeitis
322 758 432 823 umus.
466 756 497 822 in
519 755 593 823 Not.
625 777 661 823 ur
683 756 799 825 sollsk.
831 775 886 840 pro
907 757 1012 823 Fauna
1034 758 1065 824 ot
1087 757 1134 826 Ill.
1157 756 1237 822 lanu.

76 859 234 927 Forhaudl.
257 861 304 926 IX
326 859 448 947 (1868).

59 980 161 1046 Heia.
183 980 217 1046 iu
239 981 327 1064 equis
349 981 513 1048 fluentibus
537 980 717 1064 praeprimis
740 981 906 1047 rivulorum
930 980 1132 1065 frigidiorem,
1156 981 1237 1048 seris

6 1082 160 1150 tuborum
182 1084 338 1152 radicibus
368 1084 486 1164 adfixa,
520 1083 619 1150 totius
641 1085 789 1168 Europae.
835 1083 908 1151 Ver.
931 1091 952 1164 β
975 1085 1006 1150 in
1028 1083 1115 1166 aquis
1138 1083 1239 1149 minus

6 1185 87 1268 igidis
108 1189 280 1272 lentiusque
302 1188 486 1268 fluentibus,
509 1188 560 1254 hic
581 1187 646 1255 illic
667 1207 721 1272 par
744 1189 917 1273 Europam
948 1189 980 1254 in
1003 1187 1148 1255 Amonca
1170 1205 1239 1271 eap-

6 1291 141 1358 sutriouali
163 1293 354 1370 communis;
376 1311 440 1360 var.
462 1319 480 1372 γ
501 1293 534 1358 in
555 1291 631 1357 rivis
654 1292 686 1356 et
709 1290 818 1356 rivulis
839 1289 961 1375 frigidis
984 1308 1038 1373 por
1060 1291 1161 1356 totam
1176 1291 1239 1356 llu-

6 1413 90 1474 upamr
117 1396 359 1479 copiosissimam
386 1397 485 1480 reperi
515 1395 547 1462 iu
578 1395 709 1463 alsatioo
739 1395 807 1460 riso
839 1394 933 1460 Fecit
966 1394 1056 1460 vallis
1079 1394 1239 1460 Motoutou-

6 1495 48 1576 tol,
67 1497 142 1565 iuter
163 1500 312 1566 mansor
327 1505 360 1565 ct
376 1499 554 1578 Mulciberi,
576 1499 715 1567 cSuecia
730 1499 956 1578 armannum,
979 1499 1125 1564 osenna
1142 1497 1239 1564 Lruu-

6 1619 68 1680 rae,
88 1603 248 1682 Nouanus,
273 1605 478 1679 Bouaussou,
500 1623 517 1670 o
539 1601 730 1686 salisburgia
751 1601 916 1679 Panrscs,
943 1619 959 1666 o
981 1599 1151 1666 Franconie
1172 1599 1240 1665 Aa·

7 1721 52 1768 ouo
71 1705 225 1772 miserunt.

61 1809 160 1876 Fncct.
183 1819 303 1876 motor.
341 1811 421 1879 Vero
443 1813 474 1878 et
495 1812 626 1878 amiato.
670 1809 802 1874 Fructus
824 1809 924 1875 rarius
947 1809 1137 1892 proueniunt.

58 1940 167 2000 Pedalie
190 1943 223 2000 et
243 1941 360 2017 longior
381 1942 534 2017 reperitur,
556 1943 621 2001 tota
644 1940 748 2000 foliosa
763 1940 810 1998 vel
825 1939 933 2013 partim
949 1939 1114 2009 denudata3
1136 1937 1239 2011 planta

6 2027 95 2086 iacula
115 2031 144 2087 ot
167 2027 294 2089 leminea
317 2029 425 2088 sterilis
447 2045 559 2103 sempor
582 2027 659 2088 loliis
682 2025 842 2102 majoribus
865 2026 982 2086 densius
1004 2024 1143 2086 confertis
1164 2041 1238 2099 gau·

6 2122 44 2170 ent
63 2131 142 2188 quem
163 2115 351 2186 frucdlorao,
380 2133 454 2191 quae
477 2115 555 2180 haud
578 2131 654 2186 raro,
677 2113 830 2188 praecipuo
853 2130 917 2172 cum
941 2112 1084 2172 fructibus
1106 2128 1239 2170 numero·

6 2197 22 2254 is
40 2203 149 2262 onustae
172 2202 253 2272 sint,
284 2201 378 2292 valde·
398 2202 562 2262 denudatae
586 2203 615 2260 et
638 2200 845 2274 microphyllao
868 2202 1031 2260 occurrunt.

59 2305 186 2366 lariotaa
209 2305 249 2377 β,
280 2306 451 2380 praeprimis
482 2305 632 2365 American
661 2303 884 2379 septentrionali
915 2303 1048 2378 propria,
1086 2302 1180 2362 rarius
1210 2301 1240 2361 in

6 2389 165 2536 (effluimus
189 2391 306 2468 frigidis
329 2393 462 2467 Europae
485 2391 637 2467 reperitur,
660 2392 710 2451 ubi
732 2393 830 2465 potius
845 2389 955 2449 formae
970 2389 1157 2450 transitoriae
1174 2405 1241 2463 pro·

60 2580 274 2656 indotatam,
291 2585 393 2643 contre
403 2583 580 2644 sectantium
594 2583 663 2643 clar.
679 2583 839 2654 Lmuasae,
854 2581 932 2640 haud
948 2581 1079 2655 specifico
1096 2579 1242 2639 afflanti-

5 2670 95 2740 poso
109 2670 280 2730 distinctam
295 2687 407 2730 censeo.
437 2671 601 2730 Innumeris
616 2687 680 2730 eam
703 2669 733 2728 iu
752 2668 824 2728 locis
840 2668 1001 2740 observari,
1024 2670 1053 2726 et
1069 2666 1242 2740 praeprimis

5 2753 119 2829 ologosi
140 2756 304 2831 superioris
326 2757 436 2828 rivulis,
459 2757 508 2816 ubi
523 2757 585 2831 jam
600 2771 676 2816 auno
695 2755 776 2813 1837
793 2753 951 2829 specimina
967 2753 1165 2828 copiosissima
1180 2769 1241 2812 ees·

5 2839 130 2913 *luctatis
152 2843 356 2918 noctibusque
379 2847 484 2904 onusta
512 2843 572 2919 legi
601 2845 631 2902 et
660 2842 767 2918 viginti
796 2843 863 2916 post
886 2857 988 2912 annos,
1010 2841 1039 2900 in
1063 2857 1120 2899 uuo
1142 2840 1242 2899 eodem

5 2941 47 2991 reo,
65 2929 98 2988 ad
112 2930 234 2990 formam
258 2931 417 2990 normalem
439 2931 588 2990 euidenter
610 2929 795 2988 transeuntia
817 2929 923 2988 insoni.
961 2926 1124 3002 Specimina
1139 2943 1157 2984 a
1173 2925 1242 2984 clar.

7 3018 87 3074 cotors
107 3017 321 3077 communicata
344 3019 444 3078 exacto
467 3035 531 3077 cum
555 3016 717 3092 rogoeiaois
747 3019 777 3074 et
809 3015 874 3074 aliis
897 3034 912 3074 e
935 3014 1035 3074 multis
1057 3013 1128 3072 locis
1151 3011 1242 3070 totius

5 3115 37 3154 ers
56 3101 180 3178 Europae
205 3105 243 3164 ad
267 3121 311 3164 me
335 3104 431 3164 missis
453 3106 553 3164 exacte
575 3104 758 3178 congruunt,
790 3103 840 3162 esd
868 3119 925 3162 non
959 3119 1024 3161 cum
1046 3098 1241 3172 descriptione

5 3185 79 3246 ¹cleu.
100 3191 251 3250 Lucanas
282 3192 312 3250 in
347 3191 486 3266 opusculo
512 3190 745 3265 supralaudato
769 3190 912 3264 exposita.
957 3185 1141 3248 Perichaetie
1163 3182 1242 3243 radi·

5 3273 70 3333 antia
89 3277 237 3348 donatum
272 3277 384 3337 radices
406 3279 444 3337 ad
472 3278 557 3338 basin
580 3277 684 3337 ramuli
707 3276 908 3351 perichaatieli
930 3276 1038 3336 adsunt
1060 3272 1106 3332 vel
1129 3273 1243 3342 desunt,

5 3365 71 3420 racto
93 3367 124 3422 ut
146 3365 176 3424 in
202 3363 234 3422 C.
258 3365 448 3442 oedipyrelc'co
479 3365 594 3440 typica3
626 3363 697 3423 lolia
727 3362 849 3423 formam
881 3364 1001 3422 eandem
1024 3377 1110 3436 quam
1133 3358 1163 3416 in
1186 3357 1243 3417 hac

5 3443 118 3520 xiibeut3
140 3451 264 3526 capsula
286 3451 381 3510 minor
403 3452 551 3526 majorque
575 3449 765 3524 conspicitur,
787 3450 866 3508 haud
889 3466 955 3509 raro
978 3448 1022 3507 illi
1045 3447 1152 3506 formae
1175 3463 1242 3506 nor·

5 3531 57 3592 ulis
76 3541 172 3597 emoto
196 3537 344 3612 aequalis,
376 3555 433 3597 non
458 3537 623 3598 ventricosa
645 3554 698 3595 nec
720 3537 797 3596 sicca
819 3538 873 3595 sub
897 3552 945 3596 oro
967 3535 1062 3609 magis
1084 3533 1243 3603 coarctata,

7 3638 30 3674 cc
50 3639 62 3678 e
83 3623 192 3683 cellulis
214 3624 304 3699 duplo
320 3623 355 3698 (l)
377 3625 544 3700 majoribus,
568 3626 602 3682 ut
618 3624 768 3682 Lmnaaae
786 3641 849 3682 eam
865 3623 946 3694 dicit,
968 3621 1144 3696 composita3
1167 3619 1244 3695 peri·

5 3707 68 3764 oud
88 3710 188 3771 dentes
212 3727 265 3770 nec
287 3710 390 3782 forma,
411 3729 464 3771 noc
476 3709 669 3786 longitudine,
691 3727 744 3770 noo
759 3709 947 3768 articulorum
962 3724 1090 3779 numero,
1111 3724 1165 3767 noc
1179 3725 1243 3767 uer-

5 3793 131 3855 nularum
154 3798 355 3873 dispositione,
377 3815 430 3857 nec
452 3798 571 3857 taudem
594 3797 688 3858 colore
711 3796 826 3855 minime
849 3795 964 3868 diffort3
992 3812 1095 3870 sporae
1117 3795 1244 3869 quodm-

5 3875 28 3933 lo
47 3883 165 3956 majores
188 3885 285 3944 diotae
307 3901 343 3944 ne
367 3884 482 3960 quidem
505 3886 612 3960 quarta
635 3885 719 3958 parte
742 3881 899 3943 crassiores
914 3899 1001 3958 quarn
1015 3881 1046 3940 in
1061 3881 1154 3942 forma
1167 3899 1245 3941 conr·

5 3965 53 4024 leui
73 3972 264 4044 reperiuntur,
287 3971 316 4030 in
339 3970 432 4031 forma
453 3973 519 4043 hac,
541 3973 574 4030 ul
593 3971 623 4029 in
640 3971 783 4030 renotata
799 3972 910 4041 nostra,
932 3987 1035 4044 sporae
1051 3969 1176 4043 majores
1190 3967 1244 4025 mi·

6 4067 109 4129 oreque
130 4059 161 4118 in
184 4059 287 4118 eadem
310 4057 431 4134 capsula
453 4057 646 4133 reperiuntur.

61 4158 136 4228 Quod
159 4179 237 4222 nunc
260 4163 298 4222 ad
319 4162 452 4222 loliorum
475 4165 536 4222 rete
560 4162 715 4237 angustius
738 4161 882 4221 interdum
898 4161 1085 4221 vermiculare
1108 4157 1244 4234 pertinet,

7 4239 180 4308 hermundum
203 4251 265 4320 est,
289 4249 412 4309 formam
433 4250 508 4308 hanc
532 4249 620 4309 etiam
643 4249 672 4308 in
694 4248 772 4309 loliis
794 4248 1015 4324 augustioribus
1037 4246 1072 4306 F.
1096 4247 1243 4322 omnipro-

5 4329 49 4386 icac
67 4335 178 4408 typicae
202 4336 363 4410 provenire.
400 4335 483 4395 Folia
506 4335 673 4410 plerumque
697 4335 850 4396 dimidiata
872 4334 1065 4410 reperiuntur,
1088 4349 1144 4407 quo
1161 4331 1194 4390 flt
1211 4331 1244 4388 ut

5 4413 78 4478 »lenta
98 4419 199 4482 taciem
223 4423 308 4482 Font.
331 4441 503 4501 sqacmoeoe
524 4422 691 4482 mentiatur.
