3402 5234
732 303 893 362 Polum
1388 306 1450 375 231

175 479 309 546 Turdulo
331 479 485 546 virescens
508 479 557 544 Da
578 477 699 546 Norae.
723 478 830 560 epil?

261 584 370 650 Helii.
402 583 441 650 ad
471 583 616 652 arborum
646 602 831 655 annosarum
855 587 995 662 truncos,
1025 583 1172 652 inteolis
1202 585 1330 669 ligneis:
1361 605 1454 670 prope

170 689 386 756 vindobonam
409 688 613 774 (duarum),
645 689 677 754 in
700 688 802 756 Deoia
825 708 869 772 pr.
898 688 1018 756 Odenae
1039 710 1065 757 e.
1088 709 1116 757 a.
1139 691 1161 756 l.
1185 690 1242 774 (M.
1266 691 1300 756 F.
1324 691 1453 776 mucre

170 795 205 862 in
227 795 398 862 Franoonia
420 813 449 877 p.
466 793 639 879 chreutt,
661 793 714 860 ubi
736 793 831 860 etiem
854 794 893 862 ad
915 813 1005 877 rupes
1028 793 1186 862 arenariae
1208 795 1348 878 provenit
1369 796 1454 882 (llo-

170 899 300 983 nnreno),
323 899 355 964 in
377 898 509 966 Rhaetia
531 917 578 980 pr.
601 897 698 978 Olor,
719 898 847 983 Repete
868 898 1050 986 (harma),
1072 899 1105 966 iu
1126 899 1238 967 ducatu
1260 899 1385 980 londensi
1401 920 1454 968 su·

170 1005 291 1088 periore
313 1003 591 1089 (Soeumonnnona);
624 1002 690 1086 ipse
712 1001 922 1087 Stuttgmliae
954 1003 993 1070 ad
1015 1004 1141 1071 truncos
1165 1003 1291 1072 Aesculi
1313 1005 1453 1073 embola·

170 1129 294 1176 crorum
315 1108 388 1194 legi.

261 1231 371 1298 Fneot.
393 1237 510 1296 motor.
534 1247 614 1296 vere.
646 1229 761 1297 Planta
782 1230 959 1312 plerumque
981 1229 1114 1309 sterilis3
1139 1232 1282 1316 capsulae
1306 1251 1376 1299 cum
1397 1232 1454 1299 od-

171 1337 246 1402 sunt
268 1355 340 1402 raro
363 1335 497 1418 perlecto
519 1335 661 1401 evolutae
683 1338 856 1402 occurrunt.

261 1447 346 1506 Certo
369 1465 386 1506 a
409 1447 444 1507 Β.
467 1448 566 1508 rurali
588 1445 684 1506 differt
707 1447 736 1506 et
758 1446 879 1522 propius
902 1447 939 1506 ad
962 1447 997 1506 B.
1021 1450 1221 1509 intermediam
1243 1450 1364 1513 aceedit.

589 1657 637 1714 51.
679 1655 832 1716 aeroma
852 1655 1033 1740 populosa

578 1778 671 1840 Wms.
693 1779 784 1838 Lond.
806 1779 909 1839 Joum.
932 1778 966 1839 oi
985 1781 1050 1840 Bet.

260 1909 418 1994 Caespites
442 1909 584 1988 humiles,
606 1910 853 1990 incohaerentes,
876 1910 994 1976 humidi
1017 1911 1098 2006 laeto
1122 1909 1245 1989 virides,
1268 1910 1341 1976 sicui
1363 1911 1451 1977 fusci.

169 2015 262 2080 Folia
284 2015 558 2097 erecto-patentia,
592 2013 736 2082 inferiore
759 2015 908 2094 obovata,
937 2014 1093 2098 superiora
1116 2014 1454 2097 obovato-spathulata,

170 2119 446 2202 panduraeformia,
468 2117 602 2184 maxime
624 2136 757 2186 concava
781 2119 813 2184 et
839 2118 1169 2197 submchlearilormia,
1194 2118 1279 2202 apice
1294 2118 1454 2187 lenissime

170 2222 366 2303 acuminata,
389 2223 437 2290 vel
459 2223 645 2304 rotundato,
668 2223 718 2289 vel
741 2223 921 2305 obcordeta,
952 2227 1038 2290 costa
1060 2225 1129 2291 rufe
1152 2224 1183 2289 in
1206 2242 1380 2291 mucronem
1404 2225 1453 2292 vel

170 2328 271 2412 pilum
293 2327 411 2394 merem
433 2327 503 2410 plus
526 2327 626 2393 minus
649 2327 812 2394 excedente
834 2327 924 2394 dorso
946 2327 1036 2412 longe
1053 2327 1219 2411 papillati,
1248 2329 1346 2396 lutere
1367 2330 1464 2401 aute.

170 2433 253 2500 riore
281 2434 463 2517 praeprimis
495 2453 601 2500 versus
633 2432 752 2516 apicem
786 2435 956 2518 propagulo
986 2433 1237 2519 chloroplyllosa
1259 2435 1453 2519 mansueta

170 2540 299 2619 ferente,
322 2540 439 2605 alarum
457 2537 615 2621 superlicio
634 2537 802 2621 posteriore
824 2537 986 2622 papillosa,
1009 2539 1161 2605 anteriore
1183 2538 1279 2616 laevi;
1301 2540 1367 2606 rete
1382 2557 1452 2622 par·

170 2643 214 2710 tis
237 2643 403 2728 superioris
424 2643 811 2729 rotundato-hexagonum,
834 2644 884 2709 sat
898 2644 1012 2724 laxum,
1036 2645 1169 2712 basilare
1184 2644 1296 2723 larius,
1319 2645 1452 2728 quodra-

169 2753 239 2815 tum
261 2749 310 2816 vel
333 2747 467 2815 breviter
489 2748 891 2834 hexagono-roctangulum,
914 2749 1026 2816 areolis
1050 2749 1193 2834 hyalinis.

174 2871 309 2937 Turdulo
327 2869 491 2957 pop-illeso
513 2868 640 2958 (Wins.)
664 2869 786 2938 Sceucu
808 2870 840 2935 in
863 2869 958 2937 Lond.
981 2871 1088 2938 doum.
1114 2871 1149 2937 ol
1163 2871 1232 2938 Bot.
1255 2871 1309 2951 IV,
1332 2891 1360 2955 p.
1379 2870 1450 2938 193.

282 2975 412 3041 Wuson
443 2974 548 3060 Bryol.
578 2973 657 3040 Brit.
681 2994 711 3058 p.
737 2973 818 3055 135,
849 2974 923 3041 Tali.
948 2975 1059 3041 XLIV.
1104 2975 1229 3040 Hauon.
1260 2974 1372 3041 Skand.
1401 2973 1450 3040 el.

283 3081 330 3148 ed.
355 3079 385 3146 9.
431 3081 479 3146 Du
501 3080 622 3147 Nouus.
645 3080 725 3162 llpil.
748 3099 778 3163 p.
801 3078 875 3147 543.

171 3187 318 3252 Barcen
341 3185 552 3270 rotundifolio
573 3185 699 3250 Hasna.
722 3185 797 3251 met.

259 3308 369 3374 Helii.
393 3308 432 3374 ad
454 3310 599 3375 arborum
622 3307 841 3390 campestrium
858 3308 889 3372 et
904 3307 1086 3390 praeprimis
1102 3305 1346 3372 ambulacrorum
1362 3305 1451 3370 trun-

167 3433 222 3482 cos
245 3432 299 3497 per
321 3414 421 3480 totam
444 3413 599 3496 lluropam
620 3431 714 3496 usque
737 3411 769 3478 in
792 3411 1026 3480 scandinaviam
1048 3410 1277 3478 meridionalem
1300 3429 1317 3476 e
1339 3408 1450 3494 vulga-

167 3517 315 3586 tissimis.

258 3631 384 3691 Fruetm
406 3629 535 3707 ignotus.

590 3806 641 3862 52.
673 3803 829 3864 Barbula
851 3818 1030 3874 pagorum.

592 3927 690 3988 Mune
713 3929 818 3990 Butae.
840 3926 913 3988 Zeit.
939 3928 1031 3987 1862.

258 4043 364 4111 Oculis
386 4041 578 4126 perhumilis.
622 4041 710 4109 Folia
733 4041 825 4109 dense
846 4042 1004 4117 conferta,
1033 4039 1159 4108 humida
1179 4039 1336 4123 patentia,
1368 4039 1450 4106 sicca

164 4152 203 4218 in
225 4148 415 4234 gemmulam
438 4145 621 4226 imbricata,
643 4145 796 4232 lingulata
818 4147 850 4212 et
873 4143 1213 4229 subpanduraelormia,
1237 4143 1322 4228 epioe
1342 4144 1449 4210 rotun-

164 4255 246 4322 data
268 4253 320 4319 vel
343 4250 545 4332 subcordata,
578 4250 641 4335 pilo
662 4252 755 4336 longo
777 4249 857 4318 laevi
880 4269 896 4316 e
919 4252 1006 4317 costa
1028 4249 1233 4321 crassiusonla
1254 4249 1322 4315 rulo
1344 4267 1450 4332 prooe-

164 4359 261 4428 dente
285 4356 446 4436 instructa,
470 4355 628 4439 superficie
650 4355 749 4439 partis
772 4355 937 4440 superioris
960 4356 1091 4441 anguste
1112 4353 1294 4421 reticulatae
1315 4350 1450 4419 breviter
1478 4411 1479 4414 ,

164 4460 385 4539 verruculosa,
416 4458 557 4544 margine
579 4459 629 4526 vix
651 4459 811 4544 pupilloso,
835 4478 963 4543 superno
985 4478 1003 4525 e
1025 4458 1103 4526 serie
1125 4457 1248 4543 singula
1270 4456 1449 4524 cellularum

163 4566 261 4653 paolo
295 4563 443 4632 lationem
464 4563 612 4641 formatos
644 4562 764 4632 cellulis
785 4562 914 4632 miuutis
935 4560 1298 4647 rotundato-hexagonis,
1317 4561 1450 4628 xchloro-

165 4667 333 4758 phyllosis,
354 4667 444 4735 basin
466 4687 574 4736 versus
597 4668 709 4737 sensim
733 4667 914 4754 majoribus,
937 4669 970 4734 in
992 4667 1060 4752 ipsa
1082 4667 1149 4735 basi
1171 4665 1325 4751 diapharm
1347 4663 1449 4733 brevi-
