3290 5214
649 297 823 364 neurus
1272 301 1377 370 mil

219 483 247 555 ἕ,
275 483 304 544 7.
342 485 386 544 De
411 485 521 544 tinacia
543 485 573 545 in
594 487 729 546 arborum
752 487 866 547 truncis
888 489 934 549 nel
957 489 1045 548 ramis
1067 491 1242 551 virentibus.

631 600 835 671 (Arborioolae.)

171 717 334 784 Arborum
371 719 532 802 vegetatio
564 720 727 800 parasitica
759 741 850 804 quam
883 722 1013 788 maxime
1037 721 1123 790 naria
1145 725 1211 802 est,
1243 725 1275 789 et
1296 725 1378 793 inter

88 816 205 898 plantas
228 823 456 906 erpptogamae
479 821 532 904 qui
554 841 655 887 earum
678 825 802 889 truncos
826 827 858 888 et
872 842 976 890 ramos
991 825 1133 908 elegante
1149 827 1254 910 tapete
1269 827 1377 894 multi-

88 921 177 986 oolori
198 925 327 1002 ornant,
350 923 452 990 Musei
475 944 535 990 nou
558 925 695 992 infimum
718 927 821 992 looum
838 927 953 993 tenent.
983 928 1111 996 Praeter
1132 931 1245 1012 speeies
1260 951 1277 997 e
1294 935 1376 999 terra

89 1025 124 1089 al
145 1025 271 1092 arbores
296 1027 485 1112 migrantes,
509 1047 569 1092 non
592 1049 703 1112 paume
725 1033 799 1095 eunt
822 1050 900 1113 quae
922 1031 992 1098 sede
1014 1036 1212 1116 permanente
1235 1036 1268 1100 in
1283 1037 1374 1102 arbo·

90 1127 168 1192 ribus
182 1131 328 1206 utuntur,
351 1150 398 1196 eu
413 1151 463 1216 gr.
482 1131 712 1198 onnotrielnm
726 1141 991 1218 pymnoetomam,
1011 1135 1235 1218 ottusifolium‚
1257 1138 1375 1223 follae,

86 1231 250 1313 pamilum,
273 1233 442 1315 Mum,
461 1233 603 1318 pallene,
625 1235 867 1318 kwmnitrium,
883 1243 1009 1322 patene,
1030 1236 1243 1324 santificatum,
1265 1241 1374 1326 affine,

90 1333 295 1419 leioenrpum,
334 1337 553 1420 diaphunum,
591 1337 739 1422 Spnwei,
777 1339 914 1424 Reperi,
957 1343 1185 1424 stramineum,
1223 1343 1374 1425 Brauon,

87 1437 294 1520 pennam,
317 1441 513 1524 spedonam,
550 1439 641 1506 Ulotn
663 1443 793 1527 erispa,
816 1443 960 1528 crispulo
967 1492 978 1525 ,
1001 1453 1179 1528 coarctato,
1203 1445 1375 1534 Laedtoipii,

92 1537 331 1623 Drammondii,
354 1543 503 1624 drlntotn,
528 1543 680 1629 Zypodon
707 1545 899 1627 Bretieaoni,
922 1549 1098 1630 enuidens,
1122 1547 1264 1616 Barbula
1279 1553 1375 1617 toeni-

88 1645 170 1726 piln,
201 1647 367 1729 latifolia,
395 1647 581 1732 popillano,
615 1647 768 1733 Tayloria
790 1649 1020 1734 Redolptiana
1041 1651 1137 1736 (iuter
1158 1671 1280 1720 muscos
1302 1675 1375 1738 pro-

92 1748 213 1814 ceriores
236 1749 416 1834 nidulana),
449 1751 633 1815 Manum
655 1753 802 1834 Soateri,
827 1753 993 1838 upplan
1014 1753 1232 1838 mamaea,
1256 1757 1375 1821 Lentem

89 1853 272 1934 pulvinata,
298 1853 464 1918 Fubronin
483 1853 628 1940 melta,
658 1855 921 1940 Anuenmptodon
943 1857 1180 1941 nohenneidee,
1210 1861 1375 1925 Anieodon

87 1957 292 2042 perpanllue,
308 1957 489 2024 Hotrodon
502 1957 672 2040 Notariee'i,
693 1959 836 2024 Neckera
848 1961 984 2045 mindo,
993 1969 1149 2046 pennata,
1163 1963 1375 2046 complanato,

93 2055 335 2142 Ρίαφίοτὴιείιιηι
350 2063 463 2126 enen
490 2059 556 2144 (hin
581 2060 647 2126 illie
675 2061 714 2127 att
744 2065 848 2148 saxa),
880 2061 1064 2128 lentunen
1096 2065 1212 2128 artata
1235 2065 1267 2131 et
1291 2065 1377 2131 Bra·

92 2159 278 2244 clytleeinm
302 2164 455 2246 restarem
479 2161 593 2248 (rarius
615 2163 653 2228 ad
677 2165 781 2248 saxa),
803 2165 970 2230 sulianum
980 2215 990 2248 ,
1014 2163 1168 2252 Hypatam
1186 2167 1376 2252 pallescens,

93 2261 232 2348 Pylne'ee'o
258 2268 450 2352 palpantia.

674 2409 745 2492 tae.
769 2409 799 2478 l.

210 2553 262 2622 lle
289 2553 483 2624 linsoornm
507 2570 567 2642 per
592 2553 750 2646 Europum
778 2555 997 2626 mononis
1023 2557 1252 2648 geographica

127 2703 151 2772 9.
175 2707 201 2764 l.
247 2707 292 2766 De
313 2707 518 2784 vegetationis
541 2725 689 2768 muscosae
712 2709 792 2770 aonia
814 2709 974 2768 secundum
995 2709 1181 2768 latitudinem
1203 2709 1335 2772 diversis.

174 2854 268 2920 l'lora
291 2855 474 2939 bryologioa
496 2873 662 2937 enropaea,
693 2873 763 2922 mea
784 2855 956 2934 muntia,
987 2854 1066 2922 inter
1088 2858 1155 2923 tres
1177 2876 1283 2937 nonas,
1306 2863 1374 2926 um

94 2958 299 3040 tennemonn
326 2959 596 3041 atmospnaerua,
627 2977 718 3040 qnam
741 2959 948 3043 vegetationis
970 2959 1046 3026 faeie
1067 2959 1204 3044 generali
1226 2981 1245 3026 a
1267 2979 1301 3028 se
1324 2964 1374 3027 iu-

94 3059 183 3126 rieem
204 3062 375 3128 tiennntns
399 3063 537 3144 eatieqm
560 3062 714 3128 limitatae
735 3062 899 3128 dividenda
918 3065 976 3127 est
1021 3062 1127 3128 Prima
1147 3063 1256 3130 herum
1278 3081 1373 3132 aona·

94 3181 155 3228 run
176 3167 423 3248 septentrionem
443 3183 551 3232 versus
565 3184 584 3230 a
598 3166 678 3231 mari
693 3167 808 3231 aretino
822 3165 1000 3244 terminata,
1023 3183 1089 3232 nese
1104 3185 1199 3249 usque
1215 3168 1253 3234 ad
1269 3169 1373 3252 paral·

94 3265 180 3334 lelna
202 3269 271 3336 64ο
292 3268 434 3336 extendit
457 3271 550 3351 atque
565 3267 713 3347 sentiam,
736 3269 926 3345 Hiberniam,
949 3271 1050 3334 totam
1072 3271 1266 3352 peninsulam
1282 3289 1372 3338 man·

93 3367 261 3438 Meam
285 3373 494 3454 Roeeimque
519 3371 791 3456 septentrionalem
824 3389 918 3454 unque
948 3372 988 3436 ad
1019 3371 1136 3437 mdioes
1158 3372 1374 3439 meridionalaa

91 3471 152 3557 jugi
173 3477 333 3543 uralensis
356 3475 596 3557 comprehendit
642 3475 755 3541 huam
777 3477 855 3541 hauc
877 3475 1149 3559 eepnntrinaolem
1171 3475 1338 3542 nominari.

173 3581 292 3647 Altera
313 3597 480 3658 nonarum,
502 3597 591 3662 quam
614 3579 737 3644 nomine
758 3581 960 3645 intermediae
980 3577 1158 3662 nummii,
1180 3597 1285 3644 omnes
1307 3581 1373 3644 ter·

94 3701 139 3749 ras
160 3684 383 3770 eompleotitur
405 3701 485 3766 qnae
507 3683 587 3750 inter
609 3703 697 3749 mare
716 3684 927 3767 germanicum
950 3682 1091 3764 interque
1105 3681 1213 3764 podem
1228 3683 1372 3749 meridio-

92 3789 189 3855 nalem
213 3789 352 3874 Alpium
372 3787 487 3870 jacent,
510 3789 612 3869 atque,
636 3787 783 3852 orientem
807 3805 930 3865 verene,
951 3804 1046 3867 usque
1069 3785 1109 3850 ad
1131 3786 1373 3867 promontorium

92 3891 279 3958 meitenlale
301 3889 433 3957 Cannaei
454 3891 683 3968 continuantur,
706 3891 894 3955 occidentem
912 3907 1017 3955 nereus
1039 3907 1134 3969 usque
1156 3887 1197 3953 ad
1218 3906 1300 3954 mare
1322 3889 1374 3955 at·

92 3993 247 4074 tantinum,
272 3995 414 4076 lineaque
436 3994 495 4058 snb
516 3993 662 4076 parallelo
685 3991 751 4057 46⁰
772 3995 812 4059 ab
834 3994 925 4058 ostiis
948 3991 1081 4058 Danubii
1104 4009 1158 4072 por
1181 3990 1373 4075 Tergestum,

92 4095 310 4176 Mediolanum,
333 4097 514 4163 Valentiam
529 4095 690 4162 Gallorum
713 4097 751 4161 ad
774 4097 949 4163 Garnmmo
971 4096 1086 4162 ostium
1109 4093 1202 4158 dueta
1217 4093 1373 4160 mantiam

93 4218 193 4266 uernis
217 4201 376 4266 limitatae
399 4203 483 4265 sunt.

172 4305 283 4372 Tertia
305 4306 434 4370 taudem
458 4321 554 4380 zona,
578 4303 794 4367 meridionalis
816 4303 895 4367 mihi
918 4301 1010 4378 dicta,
1033 4319 1052 4364 a
1076 4295 1226 4381 parallelo
1247 4294 1316 4361 46⁰
1336 4299 1375 4364 at

92 4425 173 4474 nare
194 4407 475 4484 mediterraneum,
498 4408 551 4482 et,
574 4405 608 4469 iu
630 4403 721 4488 plaga
743 4403 897 4482 orientali,
919 4403 959 4469 ad
981 4403 1121 4468 Pontum
1143 4397 1287 4462 euxinum
1310 4417 1376 4466 sose

91 4512 240 4591 extendit,
267 4512 314 4578 ita
338 4517 374 4578 ut
397 4511 544 4591 Europae
566 4510 668 4572 terras
688 4525 762 4588 qma
785 4509 1026 4574 mediterraneas
1048 4501 1159 4568 neunt
1181 4517 1286 4566 omnes
1308 4517 1375 4594 tena-¹

91 4615 247 4700 omnent.
