3054 5238
491 327 688 392 assasse-r
1166 335 1244 408 553²
1345 407 1351 420 ·

2 505 15 569 d
34 507 148 572 omnino
169 508 362 574 lililormibus
385 509 578 594 aggregatis
596 509 825 593 microphyllis,
858 511 1048 578 humiditate
1073 514 1243 596 explanati¹
1291 595 1292 600 ἵ

2 595 98 686 inlesi,
130 611 269 679 siccitate
302 613 500 678 ascendentes
523 614 671 695 abapice
692 616 724 679 et
746 632 764 679 e
785 615 887 681 latere
905 617 1234 683 helicbideoinrelnti:

3 713 46 778 ilia
67 713 232 781 biseriatim
266 716 415 798 patentia,
438 717 576 782 saturato
601 717 650 782 vel
673 717 896 796 luteo-uiridia,
919 720 1022 784 aetate
1045 719 1228 804 ferruginea,

3 819 210 901 'ato-elliptica,
241 821 370 898 obtusa,
402 813 666 899 subdecutrentiat
694 821 760 887 basi
783 840 843 887 nna
865 822 1000 888 alterave
1022 823 1073 889 ala
1095 824 1229 903 incurva,

5 927 43 984 ala
64 924 183 1004 paulum
206 925 291 989 ultra
307 925 440 990 medium
457 925 596 1004 evanida,
619 925 738 992 cellulis
754 925 883 990 minutis
899 927 1124 1008 leptodermicis
1141 929 1228 995 valde

3 1025 218 1110 lorophpllosis,
241 1030 344 1095 aetate
367 1029 514 1113 hyalinis,
537 1028 656 1095 areolas
678 1029 859 1095 rotundatas
882 1031 970 1096 basin
994 1050 1098 1096 versus
1123 1033 1228 1097 rhom-

3 1149 31 1192 ae
45 1131 72 1194 et
93 1131 227 1197 breviter
250 1133 444 1216 rectangulas
467 1133 707 1210 efformantibus,
731 1133 934 1218 paraphylliis
958 1134 1147 1218 interpositis
1171 1155 1227 1202 nu-

2 1235 81 1297 erosis
102 1223 302 1312 lanceolatis;
334 1235 409 1302 lolia
431 1236 623 1321 flagellorum
647 1237 786 1314 minuta,
817 1239 1091 1320 erecto-patentia,
1126 1241 1228 1318 orata,

2 1339 97 1402 natata.
141 1339 258 1404 Planta
281 1340 418 1405 mascula
442 1339 573 1405 leminea
595 1341 751 1425 gracilior,
775 1342 864 1408 flores
880 1343 1011 1425 parvuli.
1043 1343 1232 1410 Perichaetii·

2 1441 59 1520 agni
79 1441 183 1522 pallidi
207 1441 281 1506 folia
305 1441 412 1508 infima
435 1442 554 1508 minuta
576 1447 668 1509 ovata
690 1446 873 1523 acuminata,
897 1445 997 1511 media
1020 1446 1083 1510 late
1106 1446 1229 1511 lanceo-

2 1544 34 1618 la,
53 1545 156 1610 intima
178 1544 527 1628 elongato-lanceolata,
550 1548 688 1612 acumine
702 1546 796 1631 longo
812 1549 971 1626 reclinato,
995 1547 1098 1614 omnia
1113 1549 1228 1627 tenuia,

2 1647 53 1710 rius
75 1651 167 1726 texta,
192 1649 409 1714 tenuicostata.
442 1650 595 1732 Vaginula
617 1651 689 1733 pilis
712 1651 879 1716 innumeris
900 1651 1094 1736 longissimis
1115 1652 1228 1718 flexuo-

2 1753 113 1815 ›aureis
135 1772 152 1817 e
175 1753 365 1834 perichaetio
388 1755 617 1838 emergentibus
641 1755 750 1820 obsita.
782 1753 929 1838 Calyptra
953 1756 991 1820 ad
1007 1755 1139 1821 mediam
1156 1761 1228 1837 cap·

5 1852 54 1917 lam
75 1858 243 1936 producta,
278 1857 350 1940 pilis
380 1857 521 1922 flexuosis
551 1857 616 1923 illis
648 1859 809 1942 vaginulae
832 1859 995 1924 similibus.
1041 1859 1174 1940 Capsula
1196 1861 1229 1924 in

3 1957 95 2023 dicello
117 1961 231 2025 leniter
253 1964 378 2027 arcuato
401 1981 575 2046 emergens,
608 1961 739 2046 oblonga
762 1963 810 2028 vel
840 1961 1083 2045 subcylindrica,
1114 1962 1228 2041 mollis,

3 2079 37 2126 :ea
57 2063 181 2138 sulcata,
206 2063 288 2129 haud
311 2083 381 2130 raro
403 2065 514 2131 leniter
536 2066 680 2144 incurva,
704 2068 861 2145 curantia,
885 2065 1025 2148 operculo
1046 2067 1228 2144 rectirostri,

3 2172 51 2228 ulo.
81 2167 259 2232 Peristomii
283 2167 391 2234 dentes
415 2169 550 2252 angusti,
573 2169 663 2247 nirei.
701 2171 805 2254 Bryol.
830 2189 891 2235 eur.
916 2169 984 2235 Vol.
1000 2169 1038 2247 V,
1061 2169 1137 2235 Tab.
1153 2167 1231 2251 439.-

2 2308 102 2368 ypram
126 2289 258 2354 Smitlzii
280 2289 411 2354 surculis
435 2289 571 2370 pinnatis
595 2290 727 2372 undique
750 2290 890 2369 ramosis,
914 2289 995 2354 foliis
1018 2290 1228 2355 suburbicula-

60 2393 139 2458 ribus
169 2394 388 2468 subcenturia,
418 2393 551 2474 capsulis
581 2393 911 2476 ovato-cylindraceis,
942 2391 1082 2476 calyptra
1105 2411 1227 2459 sursum

59 2497 162 2579 pilosa.
213 2499 321 2562 Dieuc.
345 2499 431 2562 Fase.
455 2497 561 2581 crypt.
581 2497 624 2577 ll,
647 2517 675 2580 p.
703 2497 753 2577 10,
776 2499 800 2562 t.
824 2497 854 2562 5.

9 2599 121 2666 Herum
145 2603 236 2684 Spes.
260 2601 359 2668 Mose.
383 2620 413 2683 p.
438 2600 512 2679 264,
535 2603 558 2667 t.
582 2599 633 2666 68.

3 2708 170 2787 trepontum
198 2705 326 2770 Smitbii
349 2706 487 2771 Sueeuz.
534 2704 643 2770 Surus.
689 2703 873 2771 Scswnrea.
918 2705 1018 2770 Hoorr.
1043 2705 1075 2769 et
1097 2705 1193 2770 Turn.

3 2810 52 2870 raia
74 2811 201 2875 Sruiibc'c‘
224 2811 315 2876 Ball).
339 2811 439 2875 Mani.

3 2916 109 2992 prodeo
134 2913 266 2979 &nihii
288 2913 386 2979 Mose
402 2912 475 2978 Ob‘s.
521 2911 609 2977 Bam.
634 2912 738 2996 Bryol.
762 2913 845 2978 univ.
891 2912 947 2975 Ba.
971 2913 1003 2977 et
1025 2910 1098 2977 Seu.
1123 2911 1227 2994 Bryol.

59 3035 116 3082 eur.
162 3019 214 3082 Dn
237 3017 317 3082 Nor.
341 3016 415 3102 Syll.
440 3018 472 3081 et
494 3017 575 3098 Epil
620 3016 751 3082 Wrnsou
774 3017 877 3100 Bryol.
901 3016 981 3081 Brit.

3 3117 90 3182 clero
111 3121 314 3206 (chiodon)
337 3119 462 3185 Smittii
484 3119 518 3186 O.
541 3119 675 3185 Minoes
698 3119 826 3204 Synops.

42 3239 144 3306 Hebri.
169 3241 211 3308 ad
234 3245 360 3306 truncos
384 3243 525 3306 arborum
549 3259 734 3308 annosarum
751 3257 804 3324 per
820 3239 976 3322 Europam
998 3237 1228 3305 meridionalem
1275 3263 1283 3280 ·

13 3344 235 3424 occidentalem,
259 3363 314 3410 nec
336 3364 395 3410 non
418 3345 457 3410 ad
478 3363 569 3427 rupes
592 3347 624 3410 et
646 3364 764 3410 muros:
788 3345 819 3408 in
836 3341 958 3426 Europa
973 3342 1073 3409 media
1087 3339 1228 3424 usquein

3 3447 99 3512 rrallia
123 3449 256 3532 Alpium
280 3449 485 3531 progreditur,
510 3449 563 3513 ubi
584 3467 676 3530 prope
700 3448 815 3512 Meroe
830 3446 952 3530 Tyrolis
972 3446 1229 3522 Blassiacumin

3 3549 82 3630 ‚lesia
103 3553 251 3630 Taenia,
275 3552 314 3617 ad
337 3553 475 3618 montem
493 3552 600 3617 Saline
622 3569 714 3634 prope
736 3551 900 3629 Genavam,
924 3551 1051 3614 Rubrae
1077 3550 1229 3634 legerunt,

3 3671 19 3715 s
33 3653 59 3718 in
79 3655 190 3722 insulis
215 3655 303 3720 lacus
326 3655 409 3719 Larii
433 3655 686 3736 copiosissimam,
712 3655 744 3719 et
766 3655 890 3719 truncos
913 3652 1053 3718 arborum
1069 3653 1153 3718 totos
1169 3654 1231 3718 lere

3 3753 147 3825 ,lucentem
172 3759 281 3842 sylvae
304 3757 418 3822 montis
443 3759 502 3822 Sic.
528 3759 648 3822 Bootae
678 3775 723 3838 pr.
757 3757 801 3822 St.
819 3755 975 3820 Zacharia
998 3753 1231 3838 Gallo-provin·

3 3879 27 3931 c,
56 3881 108 3928 nec
131 3882 195 3928 non
217 3861 249 3926 in
273 3861 366 3927 horto
390 3863 499 3926 Boboli
520 3861 693 3926 Florentiae
715 3881 740 3926 e.
765 3880 807 3924 m.
830 3860 870 3925 al.
894 3857 969 3924 locis
992 3858 1169 3938 observavi,
1199 3860 1231 3925 in

3 3982 69 4044 rope
90 3965 278 4032 occidentali
301 3984 356 4046 per
378 3966 479 4030 totam
501 3963 697 4028 Armoricam
719 3981 812 4044 usque
835 3961 866 4026 in
890 3961 1071 4027 Naustriam
1094 3983 1150 4029 neo
1172 3982 1231 4029 non

2 4051 244 4136 rlleerlandiam
279 4073 312 4133 et
335 4068 483 4152 Angliam
505 4067 752 4144 meridionalem,
784 4065 838 4131 sed
866 4083 985 4148 semper
999 4077 1003 4086 ·
1016 4066 1079 4132 lere
1107 4066 1232 4146 sterilis,

3 4173 106 4237 entur.
154 4175 202 4238 ux
225 4171 333 4237 Africa
356 4171 589 4254 septentrionali
611 4174 705 4252 atque
727 4169 918 4236 meridionali
942 4171 1074 4234 missum
1097 4169 1203 4237 habeo.

40 4275 147 4343 Fruct.
172 4285 293 4343 matur.
317 4295 397 4342 vere,

40 4385 144 4447 Planta
168 4387 278 4447 babitu
301 4387 442 4462 peculiari
466 4385 608 4462 gaudens,
631 4384 742 4443 truncis
764 4385 810 4442 uel
833 4386 955 4460 rupibus
978 4385 1058 4444 arcte
1082 4385 1236 4460 adrepens,

3 4473 40 4526 nis
66 4479 95 4531 et
127 4473 251 4534 ramulis
283 4473 476 4533 exsiccatione
498 4472 638 4532 involutis
660 4471 754 4545 primo
776 4471 841 4530 uisu
863 4470 1080 4546 distinguenda.
1126 4470 1236 4533 Planta

3 4559 78 4617 scula
101 4561 230 4620 leminea
254 4561 371 4620 tenuior
393 4563 448 4631 est,
471 4559 605 4618 eaufibns
628 4574 740 4632 semper
754 4556 813 4616 lere
829 4559 916 4616 dense
934 4558 1237 4632 hiplensis-ramosis,

969 4653 1025 4707 86*
