3316 5262
317 328 380 394 708
876 326 1043 397 fluum

315 522 446 570 convexo
469 503 592 587 obliquo
615 501 780 586 apiculato.
823 501 1004 570 Peristomii
1026 501 1132 568 dentes
1154 503 1328 585 solidiores,
1359 505 1465 572 interni
1483 525 1561 572 men-

193 603 196 611 '
316 607 411 674 brana
447 608 559 688 latior,
597 606 708 676 oiliolis
745 625 904 690 processus
942 608 1155 690 aequantibus.
1204 608 1310 693 Bryob
1346 629 1409 675 our.
1438 609 1497 675 Vol
1520 611 1562 686 Vl

315 710 391 777 Tab.
414 710 490 778 562.

176 823 177 826 '
316 834 472 920 Hypnum
493 834 707 920 couscrooidce
730 834 814 900 caule
836 834 980 919 depresso
1002 834 1052 899 rel
1066 833 1190 916 repento
1205 833 1315 913 diruo,
1338 835 1430 900 ramis
1444 837 1565 900 munib-

422 957 480 1022 que
503 940 591 1024 vagis
614 938 828 1017 liliiormibne,
861 937 945 1003 foliis
974 937 1044 1004 laxo
1074 937 1246 1002 imbricatis
1279 939 1389 1004 erectis
1411 939 1565 1006 lanceolatis

422 1043 555 1110 enerviis
588 1043 813 1129 integerrimis,
847 1046 954 1110 thecae
977 1042 1124 1108 eboratae
1147 1042 1335 1108 subcernuae
1358 1044 1490 1126 operculo
1508 1063 1566 1108 oou·

421 1149 619 1214 vexo-conice
652 1147 771 1215 obtuso.
815 1147 907 1212 Baro.
930 1147 1030 1212 Mnnt.
1053 1146 1152 1212 Maec.
1184 1167 1214 1231 p.
1242 1145 1302 1211 167
1326 1149 1358 1212 eb
1379 1147 1478 1231 Bryoi.
1500 1149 1566 1212 unis.

422 1253 465 1334 Π,
488 1274 518 1338 p.
544 1253 618 1319 583.

361 1355 546 1424 seuuemo.
570 1355 674 1441 Suppl.
698 1357 725 1437 1,
747 1356 784 1421 P.
807 1357 849 1422 Π.
894 1357 943 1422 Du
967 1355 1087 1422 Nonne.
1110 1353 1188 1439 Syll.

317 1462 474 1548 Hypnum
496 1461 652 1545 Conscrw
675 1460 858 1528 Scaurum.
882 1459 986 1544 Suppl.
1010 1459 1053 1540 11,
1075 1459 1113 1524 P.
1136 1459 1163 1535 1,
1185 1460 1211 1523 t.
1238 1459 1308 1525 142.

313 1565 558 1653 Ambtyscepium
588 1565 801 1648 conscrooidcs
824 1567 882 1631 Ba.
905 1566 937 1630 et
959 1563 1032 1631 Son.
1056 1563 1162 1648 Eryci.
1186 1582 1250 1630 eur.
1294 1565 1347 1630 Da
1369 1564 1485 1630 Nonus.
1506 1566 1568 1648 Epil.

373 1723 375 1728 ,
422 1671 549 1736 Henna.
571 1669 684 1737 Skand.
706 1671 754 1736 Fl.
777 1669 823 1736 ed.
851 1670 901 1735 10.

398 1793 508 1858 Habit.
530 1793 571 1858 ad
592 1811 665 1859 saxa
688 1794 720 1857 et
743 1791 860 1875 lapides
882 1791 1065 1873 praesertim
1087 1790 1221 1857 calearia
1244 1791 1409 1870 umbrosa,
1431 1810 1448 1858 e
1469 1791 1567 1876 regione

307 1897 478 1978 campestri
505 1916 600 1980 usquo
629 1897 663 1962 in
695 1895 889 1978 subalpinam
919 1895 1008 1962 valde
1039 1895 1205 1977 sporadiee:
1242 1895 1274 1959 in
1314 1915 1356 1962 m.
1396 1895 1564 1976 Koileaberp

311 2018 404 2086 prope
427 2000 650 2081 vindobonam,
683 2001 736 2066 ubi
758 2000 796 2066 cl.
820 2001 959 2066 laomen
981 2000 1117 2078 domuit,
1148 1999 1181 2064 in
1211 1999 1368 2083 lapidibus
1402 2001 1567 2066 dumetum

311 2125 404 2191 prope
427 2108 640 2193 Heilipenblut
662 2108 695 2173 et
716 2106 881 2174 Juvauiam
903 2105 1028 2190 (l'uuu),
1051 2105 1084 2169 in
1106 2103 1262 2170 unfleeulis
1285 2123 1366 2186 pone
1383 2105 1566 2186 rb'euuobbpu

311 2211 344 2276 et
365 2211 446 2276 cirea
476 2211 655 2295 Waidliup,
687 2211 719 2276 ct
741 2209 922 2293 praesertim
945 2209 977 2273 in
999 2209 1229 2275 declivitatibns
1250 2227 1294 2274 m.
1320 2209 1568 2292 Hermanuekopl
1638 2203 1639 2206 ’

310 2313 437 2380 (litionis
460 2314 713 2395 vindobonensis,
746 2333 883 2380 necnon
907 2314 939 2378 in
963 2313 1043 2380 valle
1067 2313 1179 2378 Intelui
1209 2313 1247 2378 ad
1270 2313 1402 2380 Larium
1426 2316 1464 2380 cl.
1485 2315 1567 2380 Gneo

311 2435 422 2484 vuemo
444 2419 564 2502 copiose
586 2419 771 2498 observavit,
794 2437 888 2503 prope
910 2437 1024 2503 pagum
1041 2418 1179 2503 Splr‘r'pcu
1201 2416 1356 2484 Rhaetiae
1379 2421 1411 2484 et
1434 2419 1464 2484 in
1484 2417 1569 2498 abrup

309 2524 350 2589 tis
373 2523 524 2589 umbrosis
547 2541 614 2589 cum
631 2523 719 2609 Hyp.
737 2525 899 2588 incurvato
921 2525 1005 2588 retro
1021 2523 1192 2587 Moutreun
1212 2522 1251 2587 ad
1266 2521 1451 2602 lemanum,
1467 2541 1515 2588 neo
1527 2541 1567 2584 nou

309 2626 342 2690 in
372 2625 530 2709 epiroticis
564 2645 658 2710 prope
681 2627 860 2692 Iutcrluben
892 2625 958 2709 ipsc
988 2626 1116 2709 pulchro
1145 2625 1228 2711 legi;
1260 2625 1291 2690 in
1319 2645 1399 2712 agro
1422 2625 1567 2693 nanceium

309 2729 479 2817 (Gonane),
502 2729 535 2795 in
556 2731 724 2797 monticulo
739 2730 906 2816 Drciepitz
927 2731 1069 2796 Aleatiae
1091 2730 1146 2797 int
1169 2731 1258 2814 (Rev.
1274 2731 1434 2816 Bouron),
1456 2729 1565 2814 pluribu

309 2833 386 2900 locis
407 2833 501 2900 Juree
523 2833 714 2900 franconicae
736 2835 805 2920 (un.
828 2837 974 2918 Aenean)
997 2837 1029 2900 ot
1054 2833 1265 2917 westphaliae
1287 2835 1344 2920 (H.
1369 2831 1564 2920 manupae·

310 2940 418 3006 Stutcl
438 2942 614 3010 Hanovriae
635 2943 787 3030 (Henna),
809 2943 849 3009 ad
871 2943 1046 3026 Brauafets
1069 2962 1162 3026 prope
1192 2943 1330 3010 Wetztor
1353 2943 1404 3029 (C.
1421 2945 1527 3010 Remu.
1540 2957 1564 3004 or

309 3043 611 3133 Sonus-Lauerna),
638 3047 758 3132 copiose
779 3067 826 3132 pr.
850 3049 948 3114 Gcieo
968 3068 1010 3114 m.
1033 3049 1127 3114 enon
1150 3049 1331 3134 (Guneus),
1368 3070 1414 3133 pr.
1436 3045 1564 3116 Eieennt

310 3149 499 3236 Thuringiaa
516 3151 638 3238 (Rosa),
654 3153 693 3218 ad
712 3152 864 3238 Fctdbcrp
880 3152 1142 3238 (Sronuuenaonn)
1157 3153 1188 3218 et
1217 3152 1387 3218 Woldsbrc
1411 3155 1513 3220 Ducat
1530 3153 1566 3216 ba·

310 3255 394 3322 dens.
406 3257 547 3344 (lione),
564 3257 595 3321 in
611 3256 732 3324 Sudetis
749 3259 891 3343 (Mune),
907 3277 952 3340 pr.
970 3258 1193 3340 Saraepontum
1207 3258 1321 3343 Vogesi
1339 3261 1397 3326 inf.
1420 3260 1566 3344 (liranum.

309 3363 341 3428 in
356 3365 456 3430 strato
471 3363 611 3430 monario
626 3385 667 3430 m.
684 3364 873 3430 Kicockultc
889 3365 1015 3432 Sueciae
1028 3365 1225 3450 (manneae),
1249 3365 1280 3430 in
1297 3367 1458 3450 bappouia
1472 3363 1565 3430 emensi

308 3467 348 3533 ad
364 3467 540 3553 Loofjo'llct
562 3471 593 3535 et
614 3487 660 3552 pr.
681 3469 873 3554 Trondbjem
888 3469 1100 3556 (narseum),
1123 3469 1155 3534 in
1172 3469 1366 3538 Nordlandia
1382 3469 1565 3556 (Ambiunt.

308 3573 341 3637 in
363 3571 525 3637 Britannia
547 3592 592 3654 pr.
617 3572 704 3638 Doce
723 3573 807 3639 Dolo
828 3574 932 3641 comit.
957 3573 1102 3657 stafford
1126 3574 1169 3660 (J.
1187 3575 1311 3642 Falsas
1337 3575 1447 3662 1867),
1467 3575 1497 3640 io
1519 3571 1565 3654 spl-

309 3675 356 3741 vis
378 3674 531 3740 umbrosis
552 3675 743 3742 abundanter
764 3677 803 3742 ad
826 3677 962 3742 Burrum
986 3677 1077 3744 Fauo
1098 3697 1191 3763 prope
1214 3677 1360 3744 Kronou
1383 3697 1467 3762 pror.
1490 3675 1565 3738 llio·

309 3779 473 3844 moretond
494 3778 535 3862 (J.
559 3778 595 3844 B.
619 3780 730 3861 Woon,
756 3780 862 3866 1868).
907 3781 944 3847 In
966 3781 1111 3849 Amerina
1132 3783 1281 3866 septentr.
1304 3801 1402 3868 prope
1425 3781 1565 3848 wasco

312 3881 439 3949 Obionis
462 3881 527 3966 (W.
551 3880 750 3966 Sunurvrur).

401 3985 509 4052 eruet.
532 3995 648 4053 matur.
672 3989 761 4056 initio
784 3988 925 4070 aestatis,
947 3991 981 4056 in
1002 3990 1133 4077 Alpibus
1156 3993 1329 4060 auotumno.

399 4113 602 4191 Mag'nitudine
625 4119 663 4178 A.
685 4120 786 4179 subiit
817 4119 926 4192 simile,
960 4121 1105 4180 diversum
1135 4119 1305 4196 caespitulie
1327 4125 1462 4182 saturato
1482 4125 1507 4180 ot
1527 4119 1564 4173 ob·

311 4221 393 4262 scuro
417 4203 559 4264 viridibus
581 4209 680 4266 aetate
709 4207 958 4282 inanescentibus,
991 4207 1068 4268 toliis
1099 4209 1257 4284 angustius
1288 4210 1462 4268 acuminatis
1491 4221 1564 4266 narr<

312 4289 572 4367 chlorophyllosie‚
608 4295 729 4368 capsula
761 4313 868 4355 nonina
899 4295 1018 4372 turgida
1051 4296 1184 4356 siccitate
1215 4297 1336 4356 incurva
1367 4297 1564 4357 ruso-omme.

311 4377 472 4452 peristomii
505 4380 688 4454 perfectioris
717 4383 814 4442 indole
844 4385 874 4442 et
905 4383 1088 4446 habitatione
1118 4383 1245 4444 saxatili.
1290 4383 1423 4444 Calcaria
1452 4383 1563 4442 nubum

311 4483 381 4540 prae
405 4467 528 4528 caeteris
550 4472 630 4529 amat
653 4473 683 4530 et
705 4487 855 4546 nunquam
877 4471 915 4530 ad
938 4472 1058 4532 arbores
1079 4471 1223 4547 provenit
