3072 5240
534 353 676 425 BUW·
1183 355 1245 422 rot

7 551 31 594 rs
50 535 157 606 didicis,
177 535 312 610 capsulae
336 536 470 612 operculo
494 537 585 596 multo
609 537 722 613 majori,
745 535 906 612 peristomii
923 536 1030 597 interni
1047 535 1121 596 ciliis
1137 535 1248 611 perlec-

7 621 121 696 alonge
144 623 386 698 appendiculatis.
1015 621 1019 630 ’

61 709 180 858 imm
203 709 368 772 triliueares
391 713 421 772 ot
444 710 615 772 triuuciales
639 711 833 787 reperiuntur,
855 711 1010 788 gregariae
1034 713 1065 770 et
1080 710 1248 770 densissime

7 813 69 871 respr
135 817 160 857 e.

434 993 484 1050 58.
522 993 656 1060 Bryum
678 991 788 1050 triste.

349 1112 393 1172 Da
415 1113 534 1174 Nouus.
559 1115 678 1176 Oronac.
702 1113 784 1174 briol.
807 1113 870 1172 ital.

65 1241 233 1319 ,Diuicuua
279 1243 369 1329 Besso
383 1245 519 1330 pullenti
540 1245 642 1322 afflare,
665 1245 718 1310 sed
740 1243 833 1310 facim
850 1243 907 1308 Br.
932 1243 1108 1328 capillaria.
1139 1242 1251 1327 Gragi·

7 1345 136 1426 uelatis,
160 1345 320 1426 coulertis,
341 1367 401 1415 uon
424 1349 585 1427 contextis,
608 1347 777 1432 pulvinatis
800 1347 897 1434 degit,
920 1348 958 1414 ad
981 1347 1054 1414 tolia
1069 1347 1250 1428 lascescens,

7 1449 93 1516 roluse
115 1451 328 1536 fructigarum.
375 1451 479 1520 Caulis
511 1455 631 1522 erectus
661 1454 711 1520 vel
732 1453 918 1530 ascendens,
952 1453 1088 1519 elatere
1110 1455 1142 1518 et
1172 1452 1252 1518 inira

7 1555 86 1636 picem
109 1555 283 1621 iuuoraudo
299 1555 625 1641 bstigimo-ramosus,
646 1577 714 1624 curm
731 1555 826 1624 ramis
842 1555 1001 1634 solitariis,
1024 1555 1165 1640 geminis,
1187 1558 1251 1622 ter·

7 1657 77 1736 isse,
97 1657 227 1724 subinde
249 1660 421 1726 extenuatis
444 1661 658 1728 centimetrum
682 1681 750 1730 cum
773 1659 899 1726 dimidio
922 1659 1086 1728 altitudine
1107 1680 1250 1743 aequam

7 1763 60 1828 elia
80 1763 256 1842 imbricata,
279 1765 487 1846 erectiuscula,
511 1765 649 1846 flaccida,
672 1766 816 1833 interiora
838 1766 968 1844 minora,
991 1767 1092 1842 ovata
1114 1784 1150 1830 ex
1166 1763 1252 1847 apice

7 1871 78 1934 rtuse
99 1871 226 1934 scutato
248 1868 410 1952 spiculata,
434 1871 591 1954 sequeutia
614 1873 857 1948 orato-scutata,
881 1872 1024 1955 apioeque
1040 1870 1166 1936 mnuato
1183 1887 1252 1936 cus-

7 1971 95 2052 idata,
127 1972 286 2058 superiora
315 1976 347 2040 et
369 1975 499 2042 comalia
522 1976 690 2062 oblongata
712 1979 745 2042 et
775 1976 988 2044 lato-linearia
1021 1976 1106 2059 spice
1137 1971 1250 2040 seusiru

7 2079 98 2142 inusto
120 2077 294 2161 cuspidsta,
317 2079 420 2146 omnia
441 2079 745 2159 rulo-luscescentia,
768 2078 807 2146 ad
831 2080 942 2146 axillas
964 2080 1081 2146 setulas
1103 2076 1253 2162 rigiduias

7 2183 160 2248 noscentes
182 2181 389 2250 denticulatae
410 2185 564 2264 foventia,
590 2184 963 2263 concavo-canaliculata,
987 2183 1252 2263 subcentortaque,

7 2287 110 2371 urgiue
132 2287 256 2353 cellulis
278 2287 429 2372 elongatis
451 2289 593 2375 augustis
615 2289 756 2369 limbata,
780 2309 909 2373 superne
930 2285 1157 2357 obsoletissime
1180 2286 1253 2352 deu-

7 2391 111 2470 eulata,
134 2409 231 2458 uerso
254 2389 292 2456 ad
316 2391 433 2476 apicem
458 2395 657 2460 evanescente
681 2393 830 2478 praedita,
853 2396 884 2460 in
908 2395 987 2460 sicco
1011 2393 1165 2476 adpressa,
1189 2393 1253 2457 tor-

7 2496 157 2562 reseeutia.
205 2494 345 2563 Gemella
368 2497 515 2564 interiora
536 2497 672 2576 minora,
696 2497 1081 2576 lanceolam-acutissima,
1114 2497 1163 2562 vel
1185 2496 1253 2562 lau·

7 2599 264 2668 elato-subulam.
308 2601 499 2668 Peduuculus
521 2602 606 2686 apice
628 2603 782 2669 humatus.
828 2601 961 2686 capsula
983 2601 1131 2684 pendula,
1154 2599 1253 2667 diluta

8 2703 70 2783 nib,
93 2725 110 2770 e
132 2705 216 2770 collo
238 2705 349 2772 leuiter
372 2707 507 2786 tenuato,
531 2706 693 2792 sporaugio
716 2706 882 2792 oblongato
905 2704 1061 2784 breviore,
1093 2703 1254 2788 elongato·

8 2813 91 2872 arata
107 2808 314 2892 leptoderma.
340 2809 523 2894 Operculum
540 2811 681 2894 depressa
697 2809 983 2894 hemisphaericum,
1000 2808 1254 2888 mucrouulatum,

12 2911 112 2980 lidum.
162 2913 342 2980 Peristomii
365 2913 470 2982 dentes
493 2915 591 2982 driute
622 2915 847 2996 tumescentes,
875 2912 1254 3000 pugionitormisubulati.

9 3021 139 3100 umente
163 3015 321 3084 interioris
342 3019 693 3104 pubescenti-infuscata
714 3021 896 3100 lanceolata,
921 3019 958 3086 ud
981 3017 1116 3086 carinam
1133 3018 1254 3084 demum

11 3123 104 3290 agiis,
139 3141 211 3188 cum
235 3121 314 3190 ciliis
340 3125 436 3190 ternis
462 3123 573 3191 eximie
595 3123 865 3208 appendicuiatis.‘
912 3123 961 3188 Da
983 3122 1102 3189 Nouus.
1125 3120 1256 3206 Epilogo

46 3227 98 3294 93.

59 3352 172 3418 irata
193 3349 250 3428 ,ad
268 3369 342 3418 saxa
355 3351 519 3436 grauitica,
542 3350 694 3435 mapaliae
709 3348 877 3435 cujusdam,
900 3350 968 3416 loco
984 3347 1066 3414 dicto
1083 3349 1116 3413 in
1132 3348 1255 3413 Brusco

10 3451 171 3522 tradicem
197 3455 248 3520 del
272 3455 477 3539 Montorscno
499 3455 538 3522 ad
563 3455 770 3524 Verianum·

58 3561 174 3627 Fnect.
199 3569 318 3627 matur.
341 3563 516 3628 auctumuo.

61 3674 313 3734 »Characteribus
336 3673 389 3734 Br.
406 3675 533 3752 pallenti
562 3673 670 3746 affine,
701 3673 751 3734 sod
781 3672 859 3732 loliis
890 3671 1087 3746 superioribus
1120 3670 1257 3745 angustis

14 3757 72 3820 imis
96 3761 275 3838 cuspidatis‚
297 3780 385 3822 nervo
408 3765 598 3822 evanescente
622 3761 773 3838 praeditis,
796 3759 917 3834 capsula
933 3756 1202 3834 elongato-clarata
1218 3758 1257 3816 ab

31 3849 151 3918 nuedit,
173 3851 205 3908 et
229 3849 322 3926 primo
346 3851 450 3910 obtutu
473 3848 557 3908 facile
580 3848 701 3908 sormam
726 3847 778 3906 ur.
802 3847 955 3924 capillario
978 3845 1147 3905 mentiens«

58 3939 130 4000 runi
156 3939 236 3999 baud
260 3937 363 3997 visum.

444 4132 495 4187 tto.
532 4131 665 4197 asyam
687 4127 798 4186 Lisso.

478 4253 522 4311 Du
544 4253 657 4312 Norae.
681 4250 757 4325 Epil.

61 4403 236 4482 ,Dioicum
283 4401 366 4466 berc
392 4403 425 4466 et
455 4399 642 4485 caespitibus
666 4397 756 4464 lacils
778 4394 960 4462 solubilibus
983 4393 1177 4479 gregarium,
1210 4390 1259 4455 vix

14 4507 38 4572 si
61 4507 174 4575 leniter
196 4507 387 4571 cosmatum.
433 4504 538 4570 Cauiis
562 4523 578 4570 e
601 4503 667 4569 basi
691 4500 823 4567 flexuosa
845 4498 894 4564 vel
921 4498 1101 4564 ascendente
1132 4494 1259 4571 erectus,

15 4613 95 4679 atim
119 4631 190 4678 cum
215 4609 346 4676 dimidie
369 4609 532 4675 altitudine
555 4626 697 4692 sequane,
721 4606 778 4672 sub
794 4603 878 4686 apice
894 4620 980 4668 ramo
997 4600 1085 4666 urnieo
1101 4599 1260 4674 innovans,

15 4718 58 4782 uio
81 4717 165 4785 soliis
189 4712 454 4784 marcescentibus
476 4713 593 4793 udus,
622 4710 672 4777 rel
694 4708 809 4774 iulerue
832 4706 929 4774 uudus
951 4705 983 4772 et
1005 4721 1094 4788 parce
1116 4697 1262 4768 radiculi-
