3334 5254
316 329 381 412 ’854
881 340 1019 396 addenda.

315 522 347 587 61
369 519 554 598 1616616616,
575 519 670 586 166116
691 521 724 588 61
746 517 874 585 ramulis
896 517 1048 596 brevibus,
1071 517 1193 595 erectis,
1217 517 1428 584 imbricatione
1450 519 1573 585 16116166

314 627 463 692 siccorum
487 625 692 692 filiformibus.
723 623 809 690 Folia
833 621 1040 700 solidiuscula,
1062 621 1156 686 dense
1177 620 1323 698 conferta,
1345 623 1469 688 humida
1483 627 1574 705 paten-

315 731 377 810 tia,
412 729 493 796 sicca
514 731 598 794 arcta
620 727 798 806 imbricata,
821 725 961 802 minuta,
985 744 1001 790 e
1022 723 1090 791 basi
1112 724 1247 790 breviter
1270 727 1362 790 61616
1383 744 1513 792 concava
1531 747 1576 792 au·

315 836 407 919 guste
428 833 608 911 lanceolata,
632 832 770 916 margine
793 829 965 912 inaequalia
987 829 1037 894 161
1059 828 1177 894 minute
1201 829 1368 906 serrulata,
1390 831 1481 896 dorso
1501 831 1577 894 dena

242 945 243 948 ’
315 936 481 1021 papillosa,
510 935 609 1001 latere
641 937 742 1002 661166
775 934 947 1012 6611166116,
976 934 1133 1000 aestaset
1156 933 1260 1000 valida
1283 933 1367 998 ultra
1389 934 1521 1000 medium
1540 936 1579 1000 uel

317 1060 411 1125 usque
433 1041 465 1106 in
481 1041 598 1124 apicem
613 1041 775 1117 continua3
799 1041 864 1105 rete
878 1039 1146 1124 angustissimum,
1166 1037 1391 1122 6166111661116
1407 1038 1580 1122 angustioris

316 1145 593 1223 subfusifcrmibue,
615 1144 713 1228 partis
736 1143 857 1210 latioris
880 1143 996 1209 mediae
1018 1143 1358 1226 hexagono-quadratis,
1381 1142 1423 1208 ad
1445 1143 1580 1210 16161161

315 1251 442 1335 angulos
464 1249 632 1333 quadratis.
670 1250 776 1315 Floras
799 1249 940 1314 monoici.
971 1247 1198 1313 Perichaetium
1220 1247 1252 1313 in
1275 1247 1396 1313 1661616
1418 1247 1581 1314 brevissimo

315 1355 473 1422 radicauto
493 1374 660 1439 magnum,
681 1354 846 1438 pallidum,
869 1353 951 1418 loliis
973 1352 1083 1432 166116,
1106 1352 1287 1432 imbricatis,
1309 1353 1582 1438 elongato-lancee

315 1461 409 1538 latis,
443 1457 545 1525 subito
579 1458 641 1524 lere
663 1457 696 1523 in
718 1458 870 1540 apiculum
894 1457 1071 1523 fililormem
1093 1456 1267 1539 productis,
1301 1459 1392 1522 costa
1415 1457 1519 1522 ualida
1539 1457 1583 1520 sub

316 1564 402 1646 apice
435 1561 564 1628 evanida
585 1561 759 1628 instructis.
805 1560 937 1644 Capsula
968 1561 1239 1638 incurvo-cernua,
1268 1559 1585 1646 oblongo-cylindrica

317 1667 399 1740 sicea
421 1685 515 1732 vacua
530 1665 841 1750 arcuato-cylindrica
860 1666 918 1731 sub
934 1683 986 1731 ore
1001 1664 1112 1731 leviter
1127 1666 1293 1745 coarctata,
1315 1664 1585 1732 11616-1666666666.

317 1771 501 1855 Operoulum
524 1771 630 1838 obtuse
652 1771 797 1836 conicum.
843 1770 983 1836 Annulus
1005 1789 1021 1836 6
1043 1769 1156 1852 duplici
1180 1769 1257 1834 serie
1279 1767 1470 1835 cellularum
1500 1771 1586 1835 16111-

316 1878 421 1942 tarum
449 1875 646 1959 compositus.
690 1873 868 1940 Paristomii
890 1874 996 1940 dentes
1019 1874 1223 1951 lutesoentas,
1258 1873 1402 1939 siccitate
1427 1875 1509 1940 inter
1530 1893 1586 1956 pro

317 1999 419 2046 cessus
442 1979 574 2058 incurvi,
598 1997 757 2062 processus
780 1978 811 2043 in
834 1978 1012 2045 membrana
1034 1977 1161 2045 basilari
1183 1978 1263 2046 haud
1285 1979 1324 2044 ad
1348 1979 1474 2045 medios
1495 1979 1586 2044 dantus

316 2083 496 2167 procedente
517 2083 653 2168 angusti,
675 2082 800 2167 integri,
823 2081 895 2148 cilia
917 2081 1080 2165 interjecta
1102 2081 1191 2148 valde
1213 2082 1327 2149 tenuia.

404 2204 513 2270 Hodie.
537 2204 576 2271 ad
598 2223 671 2270 saxa
693 2222 785 2286 prope
800 2204 927 2288 Rojcno
942 2203 1068 2269 ditionis
1084 2203 1244 2270 triestinae
1259 2204 1486 2290 (1661116611),
1509 2222 1587 2288 prope

318 2307 456 2375 Grulacd
478 2309 547 2394 agri
569 2307 756 2375 meranensis
778 2307 810 2372 in
832 2307 938 2392 Tyroli
962 2307 1069 2373 merid.
1092 2307 1235 2394 (Mune).

406 2411 515 2480 Fruct.
538 2413 678 2477 samua?

402 2541 511 2601 Planta
540 2543 624 2614 haec,
653 2543 685 2600 ut
716 2561 731 2600 6
760 2540 965 2616 speciminibus
995 2559 1013 2600 a
1041 2540 1110 2600 clar.
1133 2541 1286 2600 Jualuzua
1313 2542 1461 2603 16661616
1492 2561 1588 2602 mecum

317 2629 535 2690 communicatis
559 2629 662 2699 elucet,
684 2629 800 2688 minimo
823 2628 861 2686 ad
883 2645 976 2703 genus
999 2627 1224 2706 Amdlyateyiam
1247 2629 1387 2703 pertinet,
1412 2632 1467 2690 sed
1489 2634 1525 2690 ad
1547 2650 1589 2705 ge

317 2734 372 2776 nus
394 2715 624 2792 Pseudolealceu;
647 2716 780 2775 foliorum
802 2714 911 2786 161616,
934 2715 1134 2785 consistentia,
1156 2716 1322 2776 reticulatio
1345 2719 1377 2775 et
1402 2719 1588 2793 papillositas.

317 2807 351 2864 ut
373 2807 402 2864 et
425 2803 634 2878 peristomium,
657 2803 773 2863 omnino
796 2802 917 2877 hujusce
940 2803 1056 2876 generis
1078 2805 1168 2874 sunt,
1190 2821 1248 2878 qna
1271 2804 1306 2862 de
1329 2821 1360 2862 re
1386 2805 1587 2865 Psmdoleatec

316 2893 436 2971 91661116
458 2891 651 2951 denominada
675 2893 728 2950 est.
773 2888 822 2947 Pa.
838 2891 1018 2948 catenulotce
1038 2890 1179 2964 proxima,
1201 2891 1252 2950 sod
1274 2891 1367 2951 multo
1392 2894 1501 2954 minor.
1529 2896 1589 2966 Spa·

318 2979 424 3040 cimina
445 2978 628 3039 meranensis
650 2978 729 3037 haud
752 2976 820 3036 vidi.

689 3186 983 3257 Bracnyauecium
1004 3185 1229 3256 olympicum.

504 3311 626 3370 161116.
649 3311 698 3370 in:
720 3304 774 3370 Die
797 3309 876 3370 Insel
899 3309 1014 3384 cypero
1036 3327 1064 3368 1.
1087 3309 1191 3368 11116611
1213 3327 1240 3368 6.
1263 3309 1413 3370 11616661.

408 3439 619 3521 ,Μ66616661;
641 3439 1018 3522 intricata-caespitosum,
1040 3440 1121 3505 laete
1145 3438 1502 3520 1611616666611-1111116,
1524 3441 1589 3505 seri·

318 3543 499 3610 ceo-nitens.
545 3543 650 3611 Cauiis
673 3546 831 3629 adrepens,
854 3562 1004 3624 ramosus,
1027 3543 1235 3628 subpinnatim
1257 3545 1448 3626 remulcens,
1473 3545 1589 3613 16166111

317 3647 501 3715 6166116161
524 3647 702 3715 incurvatis.
747 3649 835 3715 Folia
857 3648 1011 3726 66616116,
1033 3648 1140 3732 patula
1163 3648 1211 3714 161
1233 3648 1302 3714 lare
1325 3652 1473 3730 secunda,
1498 3670 1514 3716 6
1535 3649 1588 3712 bad

319 3752 410 3820 61616
432 3751 603 3818 lanceolata
624 3753 716 3838 longe
739 3754 770 3818 at
792 3753 928 3819 tenuiter
959 3753 1153 3830 acuminata,
1187 3752 1268 3818 haud
1291 3751 1429 3835 plicata,
1462 3753 1588 3838 margine

320 3857 448 3939 undiquc
470 3858 589 3924 minute
611 3857 798 3924 denticulato
821 3858 980 3941 subplana,
1001 3857 1085 3922 ultra
1105 3856 1238 3922 medium
1255 3859 1387 3936 castata,
1412 3859 1588 3924 areolatione

318 3961 457 4047 66116661
490 3963 602 4041 densa,
636 3961 703 4029 basi
734 3983 841 4046 parum
864 3962 997 4028 dilatata
1019 3961 1057 4027 ad
1080 3961 1210 4046 angulos
1234 3961 1352 4032 minute
1375 3963 1587 4047 subpuadrata

318 4065 406 4132 solia
427 4065 660 4149 perichaetialia
681 4067 749 4132 1616
770 4067 951 4145 imbricata,
985 4065 1111 4132 externa
1132 4084 1149 4131 6
1170 4065 1238 4130 1616
1260 4064 1328 4130 basi
1349 4065 1455 4132 subito
1479 4067 1586 4133 166666

318 4170 594 4249 lato-acuminata,
625 4171 747 4236 interna
776 4171 839 4236 late
869 4169 1000 4256 oblonga
1021 4189 1057 4236 61
1079 4169 1164 4252 apice
1185 4171 1419 4236 eroso-dentato
1446 4171 1585 4238 suhitoin

318 4292 444 4341 6666166
466 4274 693 4360 longiusculum
715 4275 1081 4342 1666661616-66116161616
1104 4274 1261 4359 producta,
1285 4277 1425 4342 66661616
1450 4277 1586 4344 16166111

319 4397 508 4462 summopere
530 4380 668 4445 obsoleta
691 4378 854 4446 instructa.
899 4379 1034 4462 Capsula
1061 4379 1094 4444 in
1116 4379 1261 4462 pedicallo
1284 4379 1585 4448 1661116166616111.

320 4483 428 4562 61616,
459 4485 580 4550 6111166
602 4485 778 4552 6616611666
801 4485 922 4570 saepius
945 4483 1070 4563 bicolor,
1093 4485 1217 4550 demum
1239 4484 1425 4566 lascescens,
1458 4485 1585 4574 operculo

319 4585 569 4653 convexo-conica
591 4587 725 4654 breviter
746 4589 910 4672 apiculato.
955 4589 1096 4655 Annmuu
1118 4589 1237 4672 duplex.
1282 4589 1465 4657 Peristomii
1487 4589 1583 4657 1616161

320 4688 392 4756 cilia
413 4691 614 4774 processubus
635 4690 786 4771 breviora,
807 4693 984 4760 nodulosa.‘¹
1029 4691 1192 4759 16616611
1215 4693 1237 4758 l.
1259 4711 1285 4761 c.
1309 4712 1339 4777 p.
1358 4692 1416 4760 171
1442 4698 1476 4762 61
1501 4695 1561 4760 lua.
