3388 5218
282 293 388 357 xxm
841 297 1015 360 Introductio.

281 479 422 563 plurimis
444 477 649 544 inhaerentem
674 478 994 562 hygroscopioitatem,
1018 481 1141 544 mutam
1163 481 1194 544 et
1217 482 1303 544 motu
1326 482 1395 563 plus
1419 483 1557 550 minusve

282 583 385 650 subito
407 581 446 648 ad
467 581 617 648 extoriora
640 581 815 656 discedunt;
846 582 980 664 plurium
1004 583 1097 648 etiam
1121 583 1290 665 specierum
1313 586 1420 652 dentes
1443 589 1558 672 duplici

280 691 356 754 tnnc
377 690 463 752 motu
479 689 624 770 aguntrvr,
645 686 743 769 primo
767 705 884 768 nempe,
908 703 967 767 quo
990 689 1192 752 recurvantur
1214 691 1245 750 et
1267 688 1375 765 altero,
1398 708 1456 772 quo
1479 692 1558 758 late·

280 793 323 857 ris
347 790 501 857 interioris
524 789 732 855 contractione
754 789 963 855 inflectuntur.
1006 791 1040 854 ln
1066 790 1243 872 Grimmiie,
1268 792 1432 874 Diorom'e,
1459 795 1558 860 diesi·

281 896 422 960 dentibus
443 896 475 960 et
493 892 708 972 Orthotro'oler's,
731 892 762 956 in
780 894 889 978 Bryis,
914 894 1024 974 Maiis,
1050 893 1223 976 Oinelr'diis,
1246 895 1405 974 Nerkerr'a,
1428 899 1558 984 Hypnia

253 1019 306 1082 ‚a
329 1017 357 1064 a.
381 999 487 1064 eodem
511 995 658 1078 temperis
681 997 834 1062 momento
857 1015 917 1080 quo
940 998 1116 1080 operculum
1140 999 1290 1082 dejicitur,
1313 1001 1484 1084 peristomii
1507 1023 1559 1068 er·

279 1103 360 1168 terni
382 1102 489 1167 dentes
511 1099 674 1165 discedunt
695 1100 895 1182 capsulaeque
918 1100 1067 1167 orificium
1093 1101 1244 1168 radiorum
1273 1103 1557 1186 patentissimomm

279 1209 364 1273 serto
387 1202 627 1286 elegentissime,
649 1221 743 1268 aureo
766 1203 815 1268 vel
838 1222 1003 1286 purpureo,
1027 1204 1181 1272 decorant.
1227 1207 1316 1272 Radii
1340 1207 1515 1292 hujusmodi
1538 1229 1557 1274 a

279 1309 422 1376 dentibus
438 1305 590 1373 efformati
605 1305 636 1370 iu
654 1307 813 1370 Grimme‘o
825 1307 1005 1390 (solistim)
1028 1331 1202 1394 opocarpo,
1225 1310 1377 1392 conferta,
1400 1311 1431 1376 in
1449 1314 1557 1377 Grim-

280 1415 345 1480 me'o
361 1413 541 1497 pulvinata,
559 1416 685 1494 potente
706 1427 731 1474 e.
755 1429 783 1474 a.
807 1409 839 1473 in
865 1410 1001 1476 Orthotr.
1025 1413 1178 1488 anomale,
1201 1415 1350 1498 arripe-o
1373 1417 1451 1493 etc,
1483 1417 1556 1482 dum

281 1519 360 1583 sicca
391 1519 471 1594 sint,
502 1515 626 1599 expansi
655 1517 829 1590 remaneutc
862 1515 893 1580 in
917 1517 1087 1601 Brycceie,
1119 1518 1340 1600 lt'eclcercreie,
1374 1517 1559 1604 Hypaeaoeie

280 1624 388 1690 eontra
410 1621 448 1686 ab
470 1618 618 1685 exteriore
640 1637 706 1684 sese
728 1620 902 1702 resurgunt,
926 1620 972 1684 ita
993 1622 1029 1685 ut
1051 1639 1067 1686 e
1089 1620 1155 1686 basi
1172 1623 1306 1702 patente,
1330 1621 1445 1688 interne
1461 1643 1558 1690 vacua

281 1726 361 1792 inter
383 1743 416 1790 se
438 1723 541 1806 spatia
563 1721 779 1804 relinquentes,
803 1721 888 1803 apiec
910 1724 1107 1790 conniventes
1131 1725 1178 1790 vel
1194 1725 1323 1802 incurvi,
1346 1725 1456 1792 miram
1473 1747 1559 1793 eoro-

280 1828 385 1894 nulam
409 1825 575 1909 attingente
608 1825 638 1888 in
663 1824 894 1890 lteeidencitos
915 1844 932 1890 e
954 1826 1062 1908 patula
1084 1827 1150 1893 basi
1173 1827 1372 1911 geniculatim
1397 1829 1558 1896 inflectun-

279 1934 340 2008 tur,
363 1930 394 1994 in
419 1929 582 1994 Fonticuli
596 1929 807 2011 antipyrotr'oa
828 1927 1034 1995 involvuntur.
1066 1931 1101 1994 ln
1119 1930 1326 1994 Orthotriolrie
1347 1931 1502 2014 plurimis,
1525 1933 1556 1998 in

280 2033 526 2120 Zypodmeieus,
549 2030 727 2115 Spluclme's,
754 2031 1057 2114 Terroplodona'eoe,
1081 2032 1269 2114 Februariis,
1291 2035 1399 2098 dentes
1421 2036 1556 2104 exsieca-

278 2140 362 2206 tioue
384 2138 459 2204 adeo
480 2135 701 2210 reflectuntur,
723 2138 760 2200 ut
781 2136 925 2219 capsulae
948 2135 1057 2220 parieti
1080 2139 1204 2202 externe
1226 2138 1311 2203 arcte
1332 2139 1557 2222 apprimantur.

278 2245 315 2308 In
342 2243 494 2326 'l'oylorio
508 2240 708 2326 sploelmoide
731 2240 916 2306 humiditate
939 2241 1019 2306 inlra
1042 2242 1185 2324 capsulae
1206 2242 1376 2324 marginem
1401 2243 1558 2310 internum

279 2347 416 2432 gyratim
438 2345 587 2422 involuti,
616 2345 756 2412 siccitate
784 2364 800 2411 e
822 2345 962 2429 margine
984 2347 1108 2410 externo
1131 2344 1503 2424 circinnatodeliuentes,
1527 2349 1558 2412 et

279 2453 369 2517 tantu
390 2449 421 2516 ri
442 2448 665 2534 hygroscopica
686 2448 855 2533 gaudentes
876 2450 1068 2532 reperiuntur
1085 2451 1120 2513 ut
1135 2447 1292 2514 lenissimo
1307 2448 1408 2514 halitu
1423 2449 1558 2516 admisso

280 2553 518 2621 contremiscant
540 2552 736 2634 diversasque
758 2551 1009 2628 convolutiones,
1031 2551 1266 2618 vermiculorum
1290 2551 1320 2615 in
1344 2551 1465 2618 modum
1489 2553 1557 2618 effi-

278 2659 372 2722 ciant.
417 2656 592 2720 Muscorum
622 2653 727 2721 dentes
751 2655 851 2720 minus
875 2654 1096 2738 hygroscopici,
1119 2656 1156 2718 ut
1186 2653 1394 2734 Weisiorum,
1430 2655 1556 2721 Tricho-

279 2759 747 2839 camaracenorum,
763 2758 1083 2843 Polytriclrooeorum,
1106 2759 1227 2824 tantum
1241 2758 1281 2822 ab
1296 2758 1444 2825 inclinata
1458 2759 1557 2824 direc-

278 2866 362 2929 tione
385 2859 543 2944 primitiva
566 2859 597 2925 iu
620 2860 899 2944 perpendicularem
924 2863 1101 2946 erigunturc
1124 2860 1155 2925 in
1172 2860 1332 2936 Bardulis,
1356 2861 1408 2926 ubi
1422 2881 1441 2926 a
1457 2862 1556 2944 prima

278 2969 382 3034 aetate
407 2965 489 3032 eirca
519 2964 713 3031 columellam
743 2964 984 3040 convolvuntur,
1016 2983 1035 3028 a
1058 2963 1242 3030 seinvicem
1266 2963 1322 3028 tali
1345 2963 1433 3030 modo
1455 2983 1558 3031 rome·

279 3073 408 3148 ventur,
433 3071 469 3134 nt
491 3068 589 3152 sporis
613 3067 780 3134 avolatnris
803 3067 902 3133 exitus
925 3066 1064 3132 lateralis
1086 3068 1204 3149 pateat.
1249 3067 1285 3131 ln
1308 3065 1378 3132 aliie
1400 3068 1557 3150 speciebus

278 3172 341 3238 alie
363 3173 411 3238 est
432 3188 540 3236 norme
562 3187 621 3252 quo
644 3168 793 3234 seminale
815 3170 1037 3254 disperguntur
1058 3169 1127 3244 vel,
1157 3187 1211 3252 per
1232 3169 1354 3252 tempus
1376 3169 1557 3254 inopportu-

279 3293 362 3351 rurm,
384 3273 416 3338 in
439 3273 602 3357 sporangio
625 3271 730 3336 abdita
752 3273 935 3348 retinentum
959 3271 1111 3337 devertis
1134 3270 1327 3353 caeteroquin
1350 3269 1398 3336 his
1421 3273 1557 3354 phaeno-

279 3375 378 3444 menis
409 3373 637 3460 hygroscopicis
668 3375 848 3458 singulatim
880 3376 912 3441 in
944 3375 1137 3460 singularum
1160 3374 1329 3457 specierum
1353 3374 1557 3460 descriptione

220 3519 223 3526 ·
279 3477 412 3546 locuturi
434 3495 550 3544 somus.

364 3581 549 3648 Moneudurn
572 3579 698 3663 denique
719 3585 785 3660 est,
815 3584 986 3667 peristomii
1009 3585 1114 3651 dentes
1137 3581 1271 3650 omnium
1294 3581 1355 3650 lere
1377 3582 1556 3650 Museorum

278 3688 335 3753 hoc
356 3685 508 3771 apparatu
529 3683 741 3768 gundmtium,
763 3687 948 3754 humiditate
964 3687 1160 3772 primitivam
1184 3704 1274 3752 suam
1297 3685 1478 3768 positionem
1501 3707 1558 3771 pe-

277 3793 342 3856 tere
365 3791 455 3872 inque
477 3805 586 3854 conum
611 3786 783 3868 tholnmve,
813 3791 958 3874 capsulae
988 3791 1165 3874 aperturam
1194 3789 1294 3853 totam
1316 3787 1365 3854 vel
1388 3805 1442 3870 pro
1465 3793 1559 3872 parte

276 3893 466 3962 claudentem
489 3909 650 3976 assurgere
671 3891 730 3971 vel,
753 3911 822 3959 eum
846 3894 938 3960 erecti
961 3895 1044 3973 sunt,
1067 3893 1235 3960 connivere.

363 3993 581 4062 Peristomium
605 3993 759 4060 internum
782 3997 827 4074 ut,
850 3999 957 4064 contra
979 3995 1153 4082 opinionem
1176 3994 1392 4062 nonnullorum
1408 3993 1559 4076 phytoto-

278 4116 408 4176 morum,
431 4099 524 4180 suprt
546 4095 688 4175 diximus,
711 4095 861 4182 originem
884 4117 972 4165 suem
995 4118 1011 4164 e
1034 4099 1097 4164 tela
1120 4096 1267 4163 cellulosa
1281 4095 1437 4179 sporangii
1451 4095 1559 4172 ducit;

276 4205 348 4280 ant,
371 4199 397 4266 si
419 4198 539 4278 mavis,
561 4198 593 4263 iu
616 4199 671 4266 illo
694 4201 794 4268 strato
816 4201 963 4268 cellnloso
985 4201 1093 4280 oritur,
1116 4219 1175 4283 quo
1198 4200 1352 4276 stretnm,
1384 4197 1463 4280 quod
1487 4217 1560 4282 spo

276 4303 377 4390 rangii
400 4303 610 4369 membranam
633 4303 792 4370 artemam
814 4303 966 4381 efformet,
988 4304 1103 4370 directe
1125 4301 1333 4369 continuatur.

363 4405 396 4473 Si
427 4405 596 4490 peristomii
628 4405 721 4490 hvrjus
752 4407 902 4486 sormam,
935 4405 1169 4472 consistentiam
1198 4405 1231 4470 et
1262 4402 1394 4470 colorem
1416 4419 1487 4468 cnm
1513 4403 1559 4468 eis

275 4509 448 4596 peristomii
471 4507 587 4575 externi
610 4528 786 4592 compares,
816 4528 854 4577 ea
875 4509 999 4576 omnino
1020 4507 1141 4574 diversa
1172 4505 1297 4573 videbis.
1344 4503 1558 4572 Plurimorum

274 4612 357 4684 euim
393 4609 573 4678 dioscorum
609 4609 823 4696 peristomium
860 4609 1014 4680 numum
1043 4629 1060 4678 o
1090 4608 1269 4680 membrana
1297 4605 1437 4696 pertenui
1475 4600 1560 4676 laevi
