3208 5214
627 321 796 398 Weidaoma
1307 323 1349 392 35

53 517 126 562 uem
151 497 383 578 procumbente
406 496 599 564 innovantes.
643 497 731 565 Folia
753 517 924 581 squamosa,
947 499 1070 578 latiora,
1094 499 1233 584 margine
1249 499 1353 582 plana.

56 601 199 683 &mula
223 601 379 682 aequalis,
402 601 551 683 elliptica,
574 601 628 668 illa
650 601 859 684 praecedentis
883 601 993 681 minor,
1016 602 1138 669 brevius
1163 602 1353 686 pedioellata,

61 704 209 786 operculo
233 705 437 770 acutirostro.
482 705 588 788 Bryol.
611 725 674 770 eur.
705 706 775 771 Vol.
791 707 817 786 1,
840 706 916 772 lab.
936 706 985 772 17.

66 827 254 908 Hymmosl.
280 845 494 912 equor-rosum
509 825 594 891 caule
609 826 792 892 aseendente
807 825 915 906 diviso,
938 826 1020 894 iuliis
1042 827 1353 900 lineari-lanceolam

174 929 410 994 remotiusculis
433 929 623 1012 patentibus,
646 931 815 1013 podunmm
829 931 955 1014 capsula
976 932 1222 1016 periohnetioque
1244 952 1352 1015 parom

177 1031 333 1116 longiore,
355 1033 482 1115 capsula
505 1031 641 1115 elliptica
663 1052 700 1099 er
716 1035 809 1100 ovato
824 1033 956 1118 obliqua,
979 1035 1121 1117 operculo
1136 1035 1241 1102 couioo
1256 1036 1351 1104 brevi.

178 1135 269 1200 lires
293 1137 327 1200 et
341 1137 506 1202 floasscn.
528 1136 633 1220 Bryol.
648 1157 745 1222 gorm.
775 1137 846 1204 Vol.
862 1139 888 1217 Ι,
911 1158 940 1221 p.
960 1137 1030 1218 193,
1054 1139 1130 1206 Tab.
1146 1139 1219 1204 XII.
1246 1139 1305 1204 Ba.
1321 1139 1353 1205 et

179 1238 256 1305 Sca.
280 1240 386 1323 Brpol.
410 1259 474 1306 eur.
498 1241 519 1306 l.
543 1259 568 1306 c.
663 1237 668 1245 ’

71 1351 284 1426 Gymnosiom.
308 1367 528 1430 squarrosum.
574 1345 670 1411 Wus.
695 1345 800 1430 Bryol.
824 1346 903 1412 Brit.

81 1447 195 1510 lt'risa'n
217 1469 398 1534 squarrosos
422 1448 456 1514 C.
473 1449 608 1514 Moatra
631 1448 762 1532 Synopm

161 1568 274 1633 Hodii.
297 1570 330 1635 in
353 1573 436 1636 terra
460 1570 609 1653 argillosa
630 1590 823 1654 camporum,
846 1589 1001 1655 agrorum,
1024 1569 1074 1636 hio
1095 1570 1160 1636 illio
1182 1589 1234 1652 per
1254 1569 1353 1635 Euro·

76 1692 164 1754 pam:
201 1693 297 1756 prope
326 1675 514 1757 Bipontnm,
549 1675 599 1740 ubi
631 1676 742 1740 Budua
774 1673 904 1753 detexit,
937 1692 1030 1756 prope
1070 1675 1194 1758 Anapors
1231 1673 1354 1739 Galliae

74 1779 236 1856 occident,
265 1779 297 1843 in
311 1779 445 1863 Angliae
468 1778 573 1845 comit.
598 1779 794 1844 minustire
816 1781 848 1842 et
873 1777 1019 1842 Cloelio-e
1041 1796 1100 1842 non
1123 1795 1228 1844 rarum
1250 1776 1354 1864 (Wra-

72 1885 156 1959 sos),
180 1882 212 1946 in
236 1881 572 1962 Sessaria(ll1r·rsn);
595 1882 634 1946 ad
657 1881 811 1945 Aordaus
834 1879 951 1947 Daniae
973 1881 1107 1965 (Mean).

160 1984 270 2048 Franci.
294 1995 411 2050 orantur.
435 1986 586 2051 autumno
607 1987 639 2050 et
661 1986 780 2069 hyeme,
802 1987 941 2068 tempore
962 2003 1021 2067 quo
1044 1984 1162 2064 {ructus
1187 1985 1226 2050 G.
1243 1985 1354 2049 micro-

73 2090 168 2152 etonsi
183 2088 285 2154 adhue
308 2089 468 2155 immaturi
492 2091 573 2154 sunt.
687 2111 691 2118 ’

158 2215 267 2274 nidera
289 2235 308 2274 a
331 2217 525 2290 praecedento
548 2216 718 2291 caespitulis
740 2216 904 2288 lareribus,
932 2217 1009 2276 loliis
1036 2217 1199 2292 squamosis
1221 2216 1354 2276 siccitate

69 2303 167 2360 miuus
189 2303 339 2376 crispatis,
361 2302 528 2374 latioribus,
550 2303 681 2378 margine
697 2303 775 2362 haud
802 2303 950 2374 inuolutis,
972 2305 1093 2379 capsula
1115 2303 1219 2364 minori
1241 2321 1355 2378 semper

68 2389 268 2462 symmetriae.
316 2391 411 2450 Primo
436 2407 514 2450 aurun
537 2389 573 2449 d.
594 2391 743 2450 rostelloto
770 2393 830 2450 tam
853 2391 946 2450 simile
978 2394 1023 2450 est
1050 2394 1083 2450 ut
1114 2391 1200 2451 laoile
1227 2408 1291 2450 curu
1320 2407 1353 2449 eo

68 2481 274 2536 commutetur.

446 2637 481 2693 4.
518 2635 829 2704 Hymenontomum
851 2635 979 2692 tortile.

546 2759 717 2817 Scuwnnoa.
741 2757 841 2832 Suppl.
864 2757 888 2815 1.

156 2870 296 2936 Plantae
319 2870 349 2935 in
371 2871 550 2955 caespitulis
573 2871 796 2957 irregularibus
818 2871 912 2937 dense
939 2871 1120 2954 congestae,
1151 2866 1351 2942 robustiores,

71 2974 184 3054 pluries
201 2973 380 3040 dichotome
396 2975 727 3059 fastigiata-ramosae,
744 2974 1078 3042 iasoioulato-ioliosae.
1109 2971 1198 3038 Folia
1213 2969 1353 3036 breveria

71 3096 159 3158 qiman
183 3078 219 3142 in
244 3079 493 3160 praecedentibus
515 3081 607 3162 atque
630 3079 758 3157 latiora,
780 3078 940 3157 solidiora,
963 3095 1112 3154 concava,
1142 3074 1282 3159 margine
1304 3072 1352 3138 in-

71 3201 172 3260 cursa,
196 3183 332 3264 utraque
354 3182 405 3248 ala
425 3183 639 3261 canaliculato,
663 3183 748 3265 apice
771 3184 882 3249 obtuso
905 3183 991 3247 msto
1012 3179 1168 3264 paulisper
1190 3177 1352 3244 excedente

73 3283 377 3364 brevi-mucronata,
399 3286 480 3352 siooa
503 3286 643 3366 incurva,
667 3288 825 3364 subtorta,
848 3285 965 3364 nitida,
987 3285 1074 3350 oosta
1093 3282 1249 3368 iuniorum
1272 3279 1352 3348 albi·

70 3391 159 3452 cante
181 3389 278 3454 dorso
301 3388 410 3468 nitida,
433 3389 585 3456 scniomm
609 3390 687 3456 ruia.
732 3390 837 3456 Floras
860 3387 989 3465 masculi
1012 3387 1200 3464 terminales,
1223 3383 1353 3469 gemmi-

74 3489 203 3570 iormes,
238 3490 397 3576 perigonio
428 3492 611 3576 heraphyllo
642 3493 849 3569 lusoesoeutc3
889 3491 1132 3558 antheridiorum
1164 3488 1353 3571 paraphyses

70 3595 192 3680 longae.
241 3595 376 3678 Capeula
396 3600 515 3676 erecte,
537 3599 587 3664 vel
609 3597 809 3681 subobliqna,
830 3600 942 3677 ovato,
964 3596 1224 3679 orato-oblonga
1246 3594 1279 3658 et
1301 3591 1353 3657 ob·

70 3699 183 3784 longa,
214 3699 319 3764 rarius
340 3701 482 3779 curnula,
514 3699 732 3780 microstoma,
762 3701 876 3767 annulo
899 3699 1032 3783 simplici
1055 3698 1224 3775 instructa,
1253 3695 1355 3761 medio

71 3803 187 3869 orificio
204 3805 342 3885 pertuso.
369 3804 554 3886 Operoulum
577 3824 593 3871 e
614 3805 682 3872 basi
705 3807 837 3890 anguste
852 3805 957 3871 conica
979 3803 1166 3870 subulatum.
1205 3800 1354 3884 Calyptra

71 3907 108 3970 ad
131 3908 263 3974 tertiam
288 3908 430 3990 capsulae
453 3909 572 3990 partem
595 3909 751 3992 producta
795 3909 901 3992 Bryol.
922 3925 1027 3990 europ.
1072 3904 1142 3973 Vol.
1158 3905 1184 3983 l,
1206 3903 1284 3969 Tab.
1303 3901 1353 3967 15.

73 4033 336 4112 (tymnostomum
358 4031 460 4093 tortile
482 4032 616 4096 erectum
640 4031 846 4113 subsimplex,
878 4028 961 4096 loliis
992 4026 1175 4094 lanceolatis
1203 4023 1352 4092 damnatis

180 4134 326 4218 margine
349 4135 496 4200 inuolutis
519 4135 689 4202 tortilibus.
727 4133 913 4200 Seruaeus.
938 4131 970 4198 in
985 4131 1119 4198 &usna
1138 4130 1224 4196 Diar.
1246 4127 1352 4195 boten.

181 4256 254 4304 nor.
279 4237 334 4303 lv.
356 4239 390 4304 et
412 4237 519 4321 Suppl.
543 4239 581 4304 ad
604 4239 717 4304 Hans.
732 4239 759 4317 Ι,
783 4257 812 4320 p.
828 4237 881 4315 29,
904 4237 980 4303 Tab.
998 4233 1048 4300 10.

113 4341 206 4406 Nara
228 4343 262 4406 et
277 4340 443 4406 Hoasscu.
466 4341 572 4424 Bryol.
595 4361 692 4426 germ.
731 4342 821 4407 Bam.
837 4341 942 4425 Bryol.
959 4339 1039 4406 univ.
1077 4338 1125 4403 Dc
1141 4337 1260 4402 Nonas.
1277 4334 1353 4418 Syll.

179 4447 215 4510 et
236 4444 318 4528 llpil.
364 4445 492 4510 illurn.
515 4443 627 4510 strand.
651 4445 698 4510 ll.
745 4443 874 4510 Wrrsos
897 4442 1001 4527 Bryol.
1025 4441 1106 4507 Brit.
1193 4517 1194 4522 .

69 4549 257 4634 Hymenaei.
280 4549 387 4614 tortile
409 4549 466 4614 Bu.
490 4549 522 4613 et
544 4547 616 4614 Suu.
639 4548 745 4633 Bryol.
769 4568 831 4614 eur.

68 4659 238 4740 Gymnost.
262 4655 488 4718 comisatum
511 4651 590 4718 Vorc
611 4651 644 4717 in
665 4652 773 4720 saona
796 4653 843 4718 ΙἾ.
866 4653 964 4736 crypt.
996 4644 1282 4808 Rdur..3lleutmhl.
1305 4645 1352 4710 Pl.
