3054 5238
506 339 695 404 sermm

494 568 608 638 Fam
634 567 701 638 IV.

417 695 788 781 Lenoodonteae.

44 865 148 933 Cauiis
171 869 339 951 primarius
361 888 478 952 repens,
501 871 602 936 caules
619 869 790 936 secundarii
805 869 911 948 erecti,
934 870 1141 947 ascendentes,
1164 889 1237 954 pen-

3 971 32 1048 li,
54 972 213 1058 simplices
236 973 287 1040 vel
310 974 435 1053 ramosi,
459 973 632 1040 inordinate
655 975 703 1041 vel
726 973 934 1056 subpinnatim
956 975 1112 1041 ramulosi.
1152 973 1239 1041 l'olia

2 1093 48 1139 uss
70 1077 211 1144 conferta
234 1077 406 1160 plurifaria,
431 1079 603 1158 imbricata,
626 1079 733 1163 patula
756 1077 805 1143 sel
821 1078 961 1155 secunda,
984 1079 1239 1144 ovato-oberato-

2 1177 300 1262 longo-lanceolata,
333 1189 419 1247 costa
450 1183 535 1247 tenni
562 1185 761 1248 evanescente
791 1181 925 1264 simplici
952 1182 1002 1248 vel
1024 1183 1134 1265 duplici
1158 1183 1239 1249 haud

2 1301 27 1347 ro
42 1285 136 1364 nulla
154 1285 253 1351 sulcis
270 1286 450 1368 plerumque
465 1286 737 1370 longitudinalibus
752 1288 889 1364 exarata,
912 1286 1111 1364 subseariosa,
1129 1287 1238 1364 solida,

3 1387 68 1462 ida;
96 1389 176 1453 retis
208 1388 331 1455 areolae
355 1407 484 1471 superne
504 1389 718 1456 rhomboideae
742 1391 791 1454 vol
814 1390 963 1468 lincares,
994 1389 1108 1455 interne
1139 1390 1238 1456 medie

2 1490 68 1572 gina
84 1492 433 1559 vermiculant-lineares
455 1492 496 1559 ad
517 1495 618 1559 latera
639 1495 671 1558 et
685 1493 816 1578 angulos
831 1493 1092 1571 subdeourrentes‚
1114 1495 1237 1576 puncti·

2 1615 87 1674 mes,
110 1597 242 1680 pulchre
265 1596 415 1674 serietas,
445 1597 505 1663 reti
527 1597 595 1681 ipso
618 1597 760 1680 hyalino,
792 1597 904 1664 areolis
927 1597 1087 1662 viridibus.
1132 1598 1238 1663 Floras

2 1699 55 1763 lici.
100 1700 334 1767 Perichaetium
362 1701 521 1786 vaginam.
571 1701 723 1786 Vaginula
752 1703 863 1786 longa,
896 1703 977 1767 nuda
1001 1703 1047 1768 rel
1071 1703 1236 1787 subpilosa.

2 1801 101 1884 lyptre
124 1824 262 1889 magna,
292 1807 507 1888 solidiuscula,
543 1805 718 1884 dimidiata,
752 1806 903 1872 cucullata
929 1825 980 1872 seu
1004 1806 1058 1872 sub
1080 1807 1237 1891 capsulam

3 1907 101 1972 educta
123 1910 229 1992 ibique
254 1909 419 1987 confluens,
442 1910 524 1975 haud
547 1930 615 1976 raro
637 1909 747 1975 leniter
770 1910 925 1992 torquata.
958 1909 1090 1993 Capeula
1107 1911 1137 1975 iu
1152 1910 1237 1994 pedi·

2 2011 34 2074 llo
62 2011 205 2079 breviora
237 2015 287 2078 vix
319 2032 476 2098 emergens
508 2013 556 2080 vel
584 2013 615 2078 iu
643 2015 781 2097 longiore
804 2013 873 2095 plus
896 2015 998 2078 minus
1021 2014 1084 2079 alte
1107 2016 1237 2092 exserta,

2 2119 65 2192 zeta,
88 2117 138 2182 vel
162 2117 312 2201 pedicelli
334 2120 497 2184 curvatura
520 2118 677 2199 obliquata
699 2119 732 2182 et
747 2117 888 2194 decursa,
911 2116 1120 2201 symmetriae.
1151 2117 1238 2182 Peri-

3 2221 99 2286 ›mium
123 2222 259 2304 simplex
282 2223 332 2288 vel
354 2222 473 2305 duplex,
495 2222 566 2306 plus
589 2223 689 2288 minus
712 2222 889 2304 perfectum.
926 2223 1088 2288 Habitatio
1111 2223 1237 2288 arborea

14 2325 161 2392 saxatilis,

43 2427 178 2494 Familia
202 2449 219 2494 e
242 2429 381 2512 pluribus
408 2427 571 2514 generibus
594 2428 720 2494 exoticis
744 2433 776 2492 et
797 2427 913 2494 duobus
935 2430 1091 2513 europaeis
1114 2449 1237 2513 compo·

2 2549 29 2604 a
50 2534 86 2598 ad
109 2534 195 2600 diem
220 2533 375 2600 limitibus
398 2534 521 2600 incertis
537 2532 776 2615 circumscripta.
807 2531 844 2596 ln
859 2533 1013 2616 posterum
1030 2533 1143 2612 forsan,
1166 2553 1236 2600 cum

1 2653 69 2702 mae
90 2639 233 2704 exoticae
256 2637 366 2703 melius
389 2637 529 2722 cognitae
552 2637 653 2713 erunt,
676 2634 803 2699 Tribum
827 2637 980 2718 propriam
1003 2635 1185 2703 efformabit.

421 2845 500 2923 (len.
524 2849 552 2922 1.
596 2843 778 2921 Lenoodon.

454 2973 624 3032 Scnwaaea.
641 2972 740 3045 suppl.

42 3103 153 3172 Cautes
177 3105 350 3170 secundarii
372 3105 465 3170 erecti
489 3104 538 3170 vel
552 3102 903 3180 arcuato-ascendentes,
927 3101 1148 3184 subsimplices,
1171 3101 1236 3183 ple·

1 3227 82 3290 mque
104 3209 299 3286 stolouifori,
331 3209 423 3274 dense
455 3207 575 3286 loliosi,
608 3206 673 3272 sola
704 3207 810 3272 intima
833 3205 900 3271 basi
922 3207 1103 3272 radicantes.
1149 3204 1236 3269 Folia

2 3315 156 3392 sumentia,
181 3314 247 3378 late
269 3311 565 3390 orato-lanceolata,
587 3313 740 3388 escalata,
762 3311 801 3376 ad
825 3309 1046 3394 longitudinem
1071 3307 1183 3391 pluries
1206 3310 1238 3375 et

2 3417 98 3482 >made
122 3418 258 3494 sulcata,
281 3411 340 3483 reti
361 3415 457 3501 apicis
479 3418 511 3481 at
533 3415 650 3481 mediae
672 3416 804 3499 paginae
820 3413 953 3478 breviter
968 3415 1001 3476 et
1016 3413 1236 3497 angustissime

1 3521 298 3597 miculam-lineari,
327 3521 367 3585 ad
393 3520 493 3587 latera
526 3519 609 3586 basia
639 3520 760 3602 oblique
790 3521 821 3583 et
853 3517 991 3583 seriatim
1030 3517 1235 3600 punctiformi.

2 3623 182 3690 richaetium
207 3623 238 3687 in
261 3622 382 3688 ramulo
406 3622 520 3706 pericli.
544 3624 683 3706 perbrevi
714 3623 795 3688 haud
826 3622 997 3699 radicante,
1027 3622 1117 3707 longe
1149 3623 1235 3708 vagi-

1 3745 39 3792 ns.
87 3727 247 3812 Vaginula
270 3727 371 3812 longa.
416 3726 566 3811 Calyptra
588 3729 758 3808 cucullata,
788 3727 868 3792 infra
899 3726 1056 3808 capsulam
1079 3727 1235 3809 producta.

2 3833 84 3912 psula
108 3833 141 3898 in
165 3831 313 3914 pedioello
336 3835 418 3898 recto
442 3851 561 3900 emersa
583 3834 631 3898 vel
654 3835 791 3910 exserta,
823 3830 1064 3914 ovato-oblonga
1090 3832 1140 3897 vol
1163 3831 1236 3897 sub-

2 3935 166 4014 iudracea,
197 3936 345 4002 coriacea.
390 3937 530 4005 Anneius
567 3937 786 4022 fragmentarie
823 3936 973 4001 secedens.
1020 3934 1235 4001 Peristomium

1 4041 99 4122 dplex,
131 4059 281 4126 parvnm3
311 4040 419 4109 dentes
442 4041 568 4122 tenues,
591 4043 706 4107 remote
728 4037 900 4118 articulati,
928 4039 1117 4116 bi-triddi,
1147 4036 1236 4102 valde

1 4145 107 4226 pillosi,
132 4145 254 4228 pallidi.
1188 4166 1194 4178 ·

39 4249 162 4316 Nomen
177 4249 217 4314 ob
232 4249 403 4332 peristomii
417 4250 524 4316 dentes
539 4251 625 4316 albos
641 4253 765 4336 (λευκος
780 4248 868 4313 albus
882 4249 915 4314 et
930 4250 1023 4330 odeo)
1039 4265 1057 4311 a
1073 4243 1233 4327 Schwacg·

2 4353 87 4418 lenio
112 4353 292 4419 formatum.

2 4477 121 4541 medon
146 4475 329 4542 &aulaea
357 4474 446 4539 Brun.
479 4475 536 4540 Ba.
560 4477 592 4541 et
613 4475 686 4542 Sos.
709 4478 741 4542 et
763 4493 868 4541 omnes
891 4474 952 4539 tere
974 4473 1114 4538 auctores
1130 4486 1233 4534 rucen-

1 4583 285 4752 scomma.
330 4681 506 4751 Wrsmun.
530 4721 570 4733 —
594 4681 960 4752 decorandorum
