3290 5214
266 321 335 378 vm
820 312 996 374 Introductis.

266 494 479 562 imbricationo
500 495 609 560 mutua
632 493 727 560 series
752 491 914 558 verticulas
932 493 962 570 2,
986 493 1016 570 3,
1040 492 1070 570 5,
1092 488 1240 558 distnctc
1255 485 1454 573 prominentes
1466 483 1520 552 effi·
1621 493 1622 496 ’

242 600 361 688 ciunt.
409 597 459 664 Sic
480 597 513 662 in
535 597 699 662 Ertstiolrio
723 597 754 662 et
775 595 934 660 Distictio
962 595 1039 662 lolia
1061 594 1269 679 pulcherrime
1293 593 1435 660 bineriata
1453 589 1522 656 rido-

265 704 323 783 bis,
346 704 377 768 in
401 701 564 767 Fontinali
587 702 798 786 antipyretico
820 699 913 783 inque
936 699 1056 763 Moesta
1078 697 1224 763 tetstictra
1246 695 1421 772 triseriata,
1450 693 1522 778 quin·

266 806 439 891 queseriata
460 807 493 871 in
519 804 716 882 Conooomo,
747 805 779 869 in
801 803 967 869 amentulis
989 803 1135 868 masculis
1159 801 1376 886 Sphaguomm
1397 798 1525 883 plurimo-

265 930 344 977 rum.
389 908 729 994 Bitu-quinquefaria
760 906 904 973 dicuntur
934 905 1010 973 folia
1037 924 1168 990 quornm
1190 904 1365 970 imbricatis
1388 901 1526 988 spiraliter

265 1013 402 1100 procedit
425 1013 535 1098 (caulis
551 1012 688 1079 torsione
709 1012 758 1076 vel
780 1010 965 1094 parastichis
988 1009 1183 1077 orthosticha
1205 1007 1389 1086 velantibus,
1411 1007 1456 1072 sel
1469 1024 1528 1089 per·

265 1117 474 1200 turbantibus)
497 1117 660 1202 pluresque
688 1115 786 1180 lineas
816 1114 945 1198 spitales
968 1114 1050 1180 circa
1071 1114 1191 1179 caulem
1213 1111 1435 1177 ciscumscrihit
1455 1127 1528 1176 enm·

265 1239 324 1305 qne
347 1219 503 1304 spiraliter
526 1219 710 1304 angulosum
731 1217 843 1295 reddit,
866 1219 902 1282 ut
924 1218 1064 1302 exempla
1086 1218 1118 1282 in
1136 1216 1296 1280 Grtmmta
1320 1214 1429 1298 functi
1449 1215 1529 1296 atque

265 1330 430 1410 torquata,
461 1322 494 1386 in
517 1323 731 1406 Anoectorspr'o
762 1327 936 1405 compacto,
975 1339 1125 1405 saepeque
1161 1319 1193 1384 in
1224 1317 1368 1402 Sptoprri
1389 1315 1531 1398 seutdom

266 1426 432 1494 amentulis
455 1427 605 1511 prostant.

352 1529 440 1596 Folia
470 1529 605 1595 omnium
629 1529 807 1595 Muscorum
835 1527 957 1594 sessilis
989 1529 1061 1593 sunt
1092 1526 1271 1611 caulemque
1300 1526 1368 1591 basi
1398 1544 1451 1592 sau
1469 1522 1531 1608 plus

265 1633 404 1700 minusve
425 1633 670 1718 amplectentum
699 1650 761 1698 non
788 1650 886 1715 pauca
914 1631 1054 1717 margine
1084 1630 1251 1697 decummt
1274 1628 1365 1714 (folia
1385 1628 1535 1694 desumen-

266 1736 335 1822 tia),
358 1737 438 1804 unde
461 1736 559 1804 caulis
580 1737 749 1822 angulosus
769 1737 819 1801 uel
842 1736 944 1801 alatus
968 1735 1108 1814 videtur,
1131 1733 1222 1800 utin
1245 1733 1336 1798 Moto
1359 1739 1483 1807 serrato
1502 1729 1534 1792 in

265 1841 354 1928 Bryo
377 1839 511 1906 Duoolr'i
535 1843 567 1906 et
588 1839 697 1906 multis
720 1839 799 1904 aliia
831 1838 951 1917 Omnia,
975 1839 1114 1922 quamvis
1136 1839 1286 1916 emortum,
1310 1836 1406 1904 donec
1419 1853 1535 1918 corrup·

266 1944 351 2012 tione
373 1945 612 2022 consumuntur,
635 1943 824 2027 persistunt;
855 1941 937 2008 haud
961 1962 1030 2008 raro
1053 1945 1159 2009 costae
1181 1943 1284 2020 solae,
1309 1941 1439 2026 spinulis
1458 1935 1534 2005 hand

265 2048 443 2127 dissimiles,
467 2048 498 2114 in
521 2048 608 2114 caule
631 2045 791 2112 annosiore
814 2043 954 2112 residuae
977 2045 1186 2112 inveniuntur.

352 2152 459 2235 Quoad
482 2149 658 2217 intervallis
682 2149 790 2232 qmbus
813 2148 889 2215 tolia
911 2148 994 2216 inter
1016 2169 1049 2214 se
1071 2150 1286 2226 removentur,
1318 2149 1468 2214 distortio
1488 2144 1537 2210 sel

264 2263 382 2322 remoto
408 2255 553 2322 dicuntur
580 2254 655 2321 tolia
683 2253 740 2320 illa
772 2272 849 2336 quae
877 2255 946 2320 tota
975 2273 1031 2320 sua
1058 2251 1252 2338 longitudine
1274 2252 1324 2318 vel
1347 2251 1537 2338 magisnec

264 2359 395 2425 invicem
409 2358 543 2435 distant;
567 2357 720 2441 conferto,
743 2378 813 2424 cnm
835 2358 1006 2424 interstitia
1028 2360 1095 2423 tam
1117 2357 1221 2424 brevia
1236 2358 1318 2435 sunt,
1342 2359 1379 2422 ut
1394 2355 1487 2422 caulis
1500 2355 1538 2420 ab

265 2463 341 2547 ipsis
363 2461 447 2528 toliis
469 2462 533 2529 iere
548 2464 734 2540 occultatum
757 2462 924 2528 imbricata
940 2481 976 2528 ea
992 2481 1137 2528 vocamus
1152 2479 1230 2545 qnae
1241 2460 1381 2528 conferta
1396 2463 1428 2526 et
1442 2461 1537 2526 oracta

266 2565 444 2650 tegularum
466 2563 502 2630 ad
526 2565 625 2631 instar
648 2585 715 2632 sese
737 2585 792 2650 pro
815 2566 902 2650 parte
925 2566 1111 2652 contegant3
1133 2565 1325 2648 fosotcrrtoto
1347 2565 1374 2630 si
1397 2565 1484 2649 plura
1504 2582 1537 2628 cx

266 2667 373 2735 eodem
395 2666 459 2733 lere
481 2671 595 2752 puncto
618 2668 740 2754 prodire
764 2669 907 2735 videntur
930 2672 962 2734 et
984 2669 1166 2753 parallelum
1188 2669 1390 2737 directionem
1405 2669 1538 2742 servant

267 2771 494 2857 opproaimata
516 2771 650 2837 medium
672 2775 781 2839 tenent
803 2773 885 2838 inter
909 2775 1028 2838 remota
1051 2773 1083 2837 et
1108 2771 1255 2839 conferta

352 2874 510 2943 Foliornm
531 2875 732 2944 directionem
752 2896 816 2943 non
837 2877 938 2942 minus
961 2876 1139 2942 vadabilem
1163 2875 1299 2942 invenies
1323 2895 1416 2959 quam
1438 2893 1539 2942 sorum

267 2980 490 3050 ordinationem
513 2983 606 3065 atque
627 2980 874 3066 dispositionem:
898 3001 1026 3045 sarsum
1042 2981 1198 3065 repressa
1213 2981 1363 3045 vocantu
1378 2999 1447 3046 enm
1463 2976 1540 3044 cauli

267 3085 335 3151 tota
356 3083 551 3170 longitudine
574 3085 786 3169 approximate
810 3085 898 3162 sunt,
922 3083 1176 3169 oeceopaoertia
1198 3101 1268 3148 cnm
1292 3082 1330 3149 ab
1352 3101 1388 3149 eo
1412 3081 1469 3148 sub
1490 3101 1540 3148 an·

266 3187 340 3276 gulo
364 3188 509 3254 10--15ο
541 3205 608 3254 sese
630 3187 809 3266 removent,
835 3189 981 3272 pateretis
1014 3189 1163 3274 angulum
1192 3187 1340 3252 26-450
1370 3186 1540 3263 effluentis,

263 3293 380 3378 patulo
411 3311 542 3376 qnorum
571 3291 702 3378 angulus
732 3291 832 3378 magis
855 3293 964 3377 patens
985 3291 1121 3358 medinm
1143 3293 1230 3358 tenet
1252 3291 1334 3358 inter
1357 3292 1400 3356 46
1422 3293 1454 3358 ct
1476 3291 1541 3366 90⁸,

263 3397 486 3484 potentissima
510 3397 541 3462 et
563 3395 776 3460 horizontotto
798 3415 875 3480 quae
897 3395 955 3462 sub
975 3397 1089 3483 angulo
1112 3397 1173 3462 90⁰
1193 3395 1418 3464 horisontalem
1439 3397 1543 3462 tenant

267 3499 483 3576 directionem
506 3499 685 3564 divaricata
700 3497 782 3564 inira
795 3498 988 3565 horizontem
1002 3499 1143 3578 decursa,
1167 3499 1287 3582 deflexa
1302 3497 1451 3586 ungarium
1468 3499 1543 3566 170ο

268 3602 428 3679 sistentia,
452 3609 628 3668 retrorsum
650 3623 806 3687 oppresso
829 3602 911 3668 cauli
932 3601 1077 3670 deorsum
1101 3603 1328 3690 approximate,
1354 3601 1542 3690 maurgsntia

268 3705 373 3772 abasi
394 3705 459 3772 lere
481 3705 666 3774 horizontali
689 3705 840 3774 arcuatim
863 3707 974 3786 erecta,
998 3707 1185 3772 tromorrollo
1200 3706 1325 3772 tandmn
1341 3707 1391 3772 vel
1407 3707 1542 3774 amado

267 3810 319 3877 ubi
342 3810 445 3878 omnia
466 3807 504 3876 ad
527 3827 622 3874 unum
644 3809 728 3876 latus
751 3811 982 3876 conuertuntur.
1028 3810 1115 3876 llolia
1144 3811 1372 3896 torquescmtio
1396 3811 1453 3878 illa
1476 3811 1542 3878 sunt

267 3931 345 3998 quas
375 3931 409 3978 se
440 3911 599 3979 sinistram
630 3911 806 3978 dextramne
836 3931 943 3978 versus
977 3913 1181 3990 convolumt;
1221 3920 1384 3992 tortuosa,
1415 3917 1544 3990 cirrata,

267 4015 433 4097 circinato,
457 4017 617 4100 crispato,
649 4034 727 4099 qnae
749 4015 831 4082 circa
853 4035 940 4082 mem
963 4036 1048 4082 suam
1073 4017 1159 4103 gyris
1182 4018 1427 4102 contorquentur
1449 4021 1483 4086 st
1503 4017 1544 4084 di·

268 4117 365 4184 vomis
387 4117 487 4184 modis
509 4119 692 4204 crispantur,
716 4119 797 4204 qnod
819 4119 982 4204 praecipue
1005 4120 1207 4188 exsiccatione
1230 4120 1375 4188 efficitur.

354 4221 512 4288 Foliorum
534 4221 663 4289 directio
687 4223 773 4289 statu
795 4223 875 4290 sicco
898 4225 930 4290 et
952 4223 1078 4291 humido
1101 4225 1191 4291 valdo
1213 4225 1335 4290 diuersa
1356 4245 1426 4292 essa
1449 4227 1542 4296 solet:

268 4321 344 4390 lolia
366 4324 494 4392 humore
516 4327 624 4411 patula
647 4328 678 4392 et
699 4326 868 4393 divaricata
891 4326 973 4392 hand
997 4347 1066 4393 raro
1090 4327 1232 4394 siccitate
1254 4329 1357 4394 erecta
1393 4331 1544 4415 reperiun-

269 4429 330 4504 tur,
354 4429 494 4516 patentia
516 4429 677 4496 imbricata
701 4433 733 4495 et
748 4431 911 4496 imbricata
925 4431 1073 4514 patentia,
1097 4432 1208 4498 stricta
1223 4431 1400 4510 convoluta,
1424 4435 1542 4506 einata

268 4531 420 4616 crispata,
444 4531 535 4616 plana
557 4533 740 4617 complicata
771 4535 867 4612 finnt,
897 4533 997 4600 laevia
1027 4537 1207 4620 cormgata;
1239 4533 1313 4602 tolia
1347 4535 1429 4601 sicca
1461 4553 1543 4620 saepe

269 4633 444 4714 sinistram,
472 4635 571 4704 rarius
600 4637 738 4704 dextram
770 4657 875 4706 sersus
906 4639 990 4704 torta
1012 4638 1045 4702 st
1067 4639 1210 4704 contorta
1237 4636 1438 4704 maeniuntnr
1462 4639 1542 4706 utin
