3316 5262
267 319 331 386 710
822 315 992 388 Herm

267 493 378 575 Vane
400 499 499 576 imus,
520 493 613 560 dense
633 492 882 576 caespitulesum,
904 491 1066 569 tenellum,
1089 490 1171 558 feliis
1194 491 1322 558 minutis
1339 490 1546 559 semieestntis

376 599 407 662 et
429 596 635 663 subecesiatis
657 596 779 682 longius
814 595 1020 676 acuminatis,
1055 596 1181 680 capsula
1213 596 1335 662 brevius
1365 597 1548 680 psdiecllma

269 807 342 872 Vsr.
366 701 583 891 ystplbrnes‘sszrrels.
629 804 988 890 Depresse-caespitans,
1022 803 1107 870 caule
1140 805 1322 889 prorepente
1342 803 1454 890 gracili
1477 823 1548 870 een·

377 909 482 976 sertim
504 910 537 977 et
558 909 748 995 angulariter
770 909 1081 992 pinnam-ramulese,
1105 907 1235 974 ramulis
1258 907 1443 992 explanatis,
1466 907 1548 974 feliis

379 1013 560 1080 mineribus.

273 1161 277 1170 ·
356 1137 465 1202 Helii.
486 1135 524 1203 nd
539 1156 622 1215 sexa,
644 1136 729 1220 ligna
745 1135 880 1220 putrida,
903 1136 1048 1201 arborum
1064 1133 1192 1212 radices,
1208 1135 1333 1201 trunces
1347 1135 1380 1199 et
1394 1133 1429 1198 in
1441 1153 1548 1200 earum

270 1240 527 1320 execrationibus,
549 1240 650 1308 ramus
671 1239 712 1306 ad
733 1243 859 1318 terram,
885 1258 939 1323 per
960 1238 1115 1324 regionem
1137 1240 1340 1322 campestrem
1364 1239 1463 1304 tetim
1486 1239 1549 1304 Eu·

271 1365 371 1428 repas,
393 1345 446 1411 sat
468 1364 573 1410 ramm
595 1345 701 1411 tamen
723 1345 755 1410 in
770 1344 913 1410 calidiore
928 1345 960 1410 et
975 1344 1107 1420 cretica3
1130 1362 1194 1410 var.
1209 1350 1230 1424 β
1246 1344 1284 1410 sd
1301 1346 1446 1410 arborum
1460 1345 1549 1410 trum

269 1470 321 1517 ces
344 1449 478 1536 regionis
500 1450 677 1526 mentense3
700 1469 793 1530 vaur
815 1451 854 1516 ad
876 1467 966 1532 rupes
988 1467 1151 1515 arensceas
1172 1468 1217 1531 pr.
1235 1449 1419 1515 Adersbeclr
1443 1448 1476 1514 in
1491 1447 1550 1514 Su·

270 1555 471 1751 demFrscct.
494 1664 611 1722 metor.
635 1657 765 1723 aestate.

358 1773 542 1846 Summepere
573 1769 814 1845 polymorphum,
847 1769 910 1827 tam
942 1767 1089 1828 densitate
1120 1785 1208 1842 quam
1239 1767 1333 1828 celere
1364 1767 1430 1843 plus
1453 1769 1550 1828 minus

270 1859 355 1918 viridi
378 1859 444 1933 plns
466 1858 597 1917 minusve
620 1857 782 1916 latescente
805 1855 1047 1929 caespitulerum,
1080 1855 1248 1929 plantarum
1282 1855 1485 1931 magnitudine
1520 1859 1551 1915 st

270 1946 495 2018 ramiiicatiene,
526 1943 660 2004 foliorum
682 1943 914 2019 aggregatione,
944 1943 1038 2002 ferma
1060 1945 1090 2002 et
1113 1946 1195 2002 cesta
1217 1943 1348 2003 breviore
1371 1943 1551 2020 longiorem,

270 2035 406 2109 capsulae
428 2034 546 2093 tandem
568 2031 835 2105 cirumscriptione
858 2031 887 2090 et
909 2031 1075 2089 curvatura.

357 2139 432 2198 clar.
454 2137 567 2196 Bsmse
596 2135 758 2195 varietates
780 2134 940 2194 octodecim
963 2134 1125 2205 enumerat,
1146 2151 1269 2208 quarem
1291 2134 1390 2209 plures
1412 2151 1472 2194 non
1495 2135 1551 2194 hn-

265 2227 347 2302 jusce
370 2225 477 2300 speciei
499 2226 576 2284 sunt.
614 2223 699 2282 Locis
721 2225 868 2282 caeterum
891 2221 1014 2280 mutatis
1036 2221 1144 2280 iermse
1168 2239 1202 2281 er
1225 2221 1261 2282 iis
1283 2223 1372 2282 natm
1387 2225 1550 2285 mutantur.

269 2315 312 2374 its
335 2316 368 2374 ut
391 2313 484 2374 omnis
505 2311 583 2371 satie
606 2311 645 2370 ad
667 2309 827 2370 varietates
849 2309 965 2384 proprie
988 2308 1030 2369 sic
1052 2309 1148 2369 dictas
1169 2309 1361 2370 stabiliendas
1384 2309 1470 2369 desit.

597 2504 627 2560 'l.
656 2502 938 2572 Amblystsginm
960 2501 1223 2560 Jurstnlrsnnm.

764 2626 831 2686 Sca.
855 2626 925 2701 Syn.
948 2626 992 2686 ed.
1007 2625 1034 2684 1.

356 2757 437 2824 Lare
459 2755 644 2839 caespitans,
668 2758 807 2823 saturato
822 2757 928 2836 viride,
951 2757 1059 2823 termis
1076 2755 1247 2823 mineribus
1263 2761 1304 2823 A.
1320 2759 1444 2842 riparii
1468 2757 1544 2824 hand

270 2859 429 2928 dissimile.
475 2859 580 2927 Cauiis
603 2879 712 2946 repens
734 2860 886 2941 radiosus,
909 2860 1004 2928 ramis
1027 2861 1145 2928 erectis.
1175 2861 1265 2927 Folia
1286 2881 1462 2944 squarresa,
1485 2881 1540 2926 me·

270 2963 337 3030 dice
359 2963 516 3044 conferta,
551 2963 673 3032 caulius
702 2984 719 3031 e
751 2965 1012 3032 delteidee-evste
1043 2965 1134 3050 lenge
1165 2967 1197 3032 et
1218 2968 1351 3051 anguste
1372 2966 1545 3032 acuminata

270 3069 372 3146 acuta,
395 3067 549 3135 ramulins
570 3069 750 3153 angustiora
773 3069 888 3136 sensim
911 3071 1041 3154 anguste
1063 3071 1440 3150 lanceolam-acuminata,
1464 3073 1547 3136 etra-

269 3193 327 3256 que
349 3192 442 3255 usquc
463 3191 568 3240 versus
591 3173 709 3256 apicem
724 3174 856 3254 costam
879 3173 1029 3260 margine,
1052 3175 1214 3258 praecipue
1236 3175 1330 3252 basis,
1353 3175 1547 3241 subdenticn-

269 3278 352 3357 lats,
376 3277 503 3357 mellis,
530 3277 658 3357 viridia,
689 3279 757 3344 basi
779 3297 913 3346 concava
935 3279 975 3345 ad
997 3279 1125 3364 angeles
1147 3279 1258 3348 leviter
1280 3280 1476 3346 decurrentes
1497 3298 1547 3346 ex·

269 3383 380 3448 cavata
401 3383 494 3464 atque
515 3381 614 3448 brius
636 3383 832 3468 rectsngule·
855 3384 887 3450 et
910 3383 1214 3466 quadrato-meelate
1246 3383 1407 3468 magisque
1428 3383 1548 3450 chiere-

270 3485 430 3569 phyllesa,
453 3485 514 3552 reti
536 3485 652 3569 relique
675 3486 843 3555 laxiuscule
865 3487 1235 3571 elongate-rhomboides
1279 3489 1386 3554 Fleres
1410 3487 1548 3554 incaelo

271 3590 413 3672 repentc;
429 3589 587 3675 perigenis
601 3590 790 3675 polyphylls,
805 3591 988 3658 antheridiis
1005 3591 1153 3658 minimis.
1184 3593 1410 3661 Pericbaetium
1426 3593 1548 3666 hrum:

270 3694 417 3778 vaginula
438 3694 643 3761 crossiuscula
664 3695 744 3762 nuda
759 3696 852 3780 duple
867 3696 999 3781 longius,
1021 3696 1105 3763 feliis
1120 3697 1311 3764 tenuissimis
1326 3697 1453 3780 pallidis
1468 3698 1549 3764 slen-

270 3798 552 3885 gatelaneeelstis.
597 3798 731 3883 Capsula
752 3800 802 3866 illi
825 3802 867 3866 Α.
890 3803 1045 3887 serpentis
1068 3801 1199 3880 similis,
1228 3803 1549 3880 subsrcuste-eemm,

271 3905 350 3972 sicca
373 3922 470 3970 vacus
492 3903 652 3971 suberecta
673 3924 802 3989 superne
826 3905 928 3972 subite
951 3907 1076 3973 arcuata
1099 3907 1155 3972 sub
1177 3923 1229 3972 ere
1251 3905 1465 3990 strangulata,
1487 3907 1550 3990 pri-

270 4029 355 4075 mum
378 4007 493 4074 bicolor
514 4008 639 4075 tandem
662 4011 731 4078 teta
753 4009 936 4095 ferruginea,
958 4010 1071 4077 annulo
1094 4013 1236 4095 anguste.
1281 4009 1461 4076 Peristemii
1476 4011 1549 4076 den·

271 4114 318 4178 tes
341 4111 438 4178 diluto
459 4111 545 4178 aurei
566 4111 631 4178 late
657 4113 986 4200 hyalino-marginati,
1018 4115 1101 4180 intus
1133 4113 1304 4192 lamellati;
1336 4115 1549 4198 peristomium

272 4220 428 4284 internum
449 4217 611 4284 lutescsns.
628 4257 669 4267 —
686 4219 758 4286 lcen
774 4220 870 4286 nulla.

360 4340 469 4406 Hecu.
504 4341 536 4406 in
568 4340 651 4407 saris
679 4285 912 4410 tubicinante
944 4361 1031 4410 areas
1064 4342 1241 4426 plantarum
1270 4339 1445 4426 alpinarum
1469 4343 1548 4409 berti

272 4444 450 4510 Therasiani
482 4444 714 4513 vindobonensis
738 4447 951 4532 cingentibus,
984 4447 1066 4514 socie
1088 4450 1129 4511 A.
1152 4447 1299 4532 ripario,
1327 4447 1366 4514 el.
1389 4447 1547 4514 Jumrm

273 4549 390 4617 deterit
412 4551 506 4632 atque
527 4549 781 4628 communicavit;
804 4551 913 4619 dehinc
935 4552 1046 4619 multis
1069 4551 1145 4618 locis
1168 4552 1364 4618 obserentem
1387 4555 1445 4618 est.

359 4654 468 4722 Fruct.
491 4661 608 4719 motor.
630 4673 710 4722 vcrc.
