3388 5218
259 283 338 342 xn11
810 283 988 345 humectio.

260 459 553 548 ambcrrtyuelmm,
577 463 701 550 Bryam
716 464 851 528 amedeum
872 481 899 528 c.
915 482 958 540 a.;
980 464 1020 529 ad
1042 463 1290 547 praecipitiorum
1311 461 1445 548 parietes
1466 481 1535 530 sca·

259 564 408 631 turisntes
439 566 489 632 vel
517 567 743 633 cataractarum
780 567 878 632 imbre
914 559 1067 634 irroratos
1093 569 1351 653 Gymnostamum
1381 575 1535 650 rupestre,

260 669 465 750 carcirestrc,
488 669 717 754 Aaceetampia,
749 669 882 734 Blindia
905 677 1015 751 amma,
1044 669 1199 756 Hypasim
1222 671 1371 756 alpeslre,
1389 671 1535 756 palustre

259 789 322 838 var.
346 771 663 858 msbspluaericurpou,
688 771 917 838 Ortleotluccium
939 773 1099 856 rufesceme
1122 793 1148 838 e.
1171 791 1200 839 a.

345 874 476 940 Paludes
496 876 706 958 profundiores
729 879 760 941 et
783 878 895 960 stagna
908 877 1048 958 squidem
1065 895 1211 960 maguam
1225 876 1344 962 copiam
1360 875 1535 942 blascorum

258 977 356 1058 alunt,
378 979 460 1044 inter
481 998 557 1062 quos
581 981 733 1066 Spbapua
754 979 887 1063 primum
910 980 1009 1045 locum
1032 982 1152 1057 tenent,
1174 981 1294 1046 tractus
1318 978 1456 1064 ingentes
1479 997 1536 1043 uec

258 1099 328 1146 raro
350 1082 484 1164 plurium
507 1083 687 1149 milliarium
712 1083 812 1167 spatio
835 1085 1019 1168 caespitibus
1043 1084 1106 1148 suis
1122 1085 1312 1162 obducentia,
1335 1085 1413 1149 unde
1428 1083 1535 1165 hujus-

259 1183 342 1250 modi
356 1185 481 1268 paludes
505 1187 684 1273 Spbapnem
709 1189 917 1254 nominantur.
948 1187 1035 1253 Inter
1051 1187 1203 1274 Sptapna
1218 1188 1407 1271 hospitantis
1422 1185 1534 1270 reperi·

258 1289 354 1354 autur
387 1290 568 1356 chrauum
598 1293 801 1374 undulatam,
826 1294 989 1376 palustre,
1023 1291 1210 1374 Selrracleri,
1243 1291 1397 1377 Hypuum
1423 1293 1536 1370 nitmrs,

258 1394 475 1474 stramineum,
490 1395 666 1477 trifarium,
688 1397 854 1476 revolvens,
879 1397 1053 1476 Smedlueri,
1069 1397 1228 1460 aduncum
1237 1419 1249 1475 ;
1265 1394 1316 1460 ubi
1333 1413 1447 1477 aquosa
1462 1395 1537 1458 sunt

260 1494 416 1580 Hypatam
431 1499 633 1580 cordifolium
648 1501 680 1564 et
692 1500 834 1582 fluitans,
852 1499 969 1564 Mcesiu
985 1499 1147 1583 tempiseta,
1169 1500 1323 1580 tristicia,
1346 1499 1516 1562 Alberliuii
1523 1521 1537 1578 ,-

259 1597 311 1663 ubi
340 1599 454 1665 mrtem
481 1601 643 1668 efformant
671 1602 883 1688 Campylopus
910 1603 1087 1684 turfaceus,
1123 1601 1409 1666 Dicrauoelautium
1438 1601 1537 1684 locupi-

259 1709 382 1783 rostre,
405 1701 591 1769 Dicrauellc
613 1707 801 1771 verruculum
823 1724 899 1788 quae
921 1705 1073 1771 fossarum
1096 1708 1195 1772 latera
1216 1706 1299 1771 haud
1321 1721 1391 1771 raro
1412 1704 1537 1770 omnino

260 1805 400 1884 obducit,
431 1807 647 1894 Polytriclrum
667 1811 786 1894 praeile
807 1811 841 1876 et
863 1812 1022 1891 strictum,
1051 1811 1172 1895 Bryum
1204 1817 1320 1875 necteus
1350 1825 1415 1875 var.
1438 1807 1538 1892 locupi-

259 1911 584 1996 setum,'Splaelmum
607 1915 835 1998 ampullaceum
857 1916 889 1979 et
901 1915 1030 2000 praeite,
1056 1915 1209 2000 Hypasim
1234 1913 1403 1980 Sclreberi.
1438 1911 1538 1978 biuro-

259 2029 315 2094 pae
342 2015 591 2096 septentrionalis
620 2017 789 2102 sphagneta
815 2017 927 2084 ditiore
955 2017 1032 2084 flora
1061 2018 1239 2102 bryolcgica
1272 2017 1408 2102 gaudent
1444 2035 1537 2098 quam

260 2115 393 2196 mediae,
428 2119 584 2202 speciebus
613 2121 899 2204 supranominatis
929 2121 1138 2206 adjunguntur
1161 2121 1328 2187 Palemella
1351 2141 1537 2207 squamosa,

261 2218 450 2286 Oinclidium
464 2227 611 2308 alypium,
629 2225 754 2289 Maium
769 2225 994 2309 secbploboeum,
1009 2225 1232 2305 ciuclidiciales,
1249 2225 1373 2310 Bryum
1388 2225 1537 2304 lacessire,

260 2324 440 2408 latifolium,
463 2329 698 2415 cyclaplayllum,
722 2331 1122 2415 numerosarum-Thubuscum
1145 2329 1333 2409 Blaaelorcii,
1358 2327 1539 2392 Dicrauum

260 2429 374 2511 virens,
397 2431 573 2515 clanpatum
584 2483 593 2514 ,
628 2433 844 2518 Guicsccpium
865 2436 1019 2519 aiprilum
1029 2483 1038 2516 ,
1062 2436 1093 2499 et
1116 2451 1185 2500 cum
1208 2433 1366 2498 substrata
1388 2429 1538 2497 animalia

260 2533 382 2610 adsunt,
407 2533 567 2618 Splacbaa
588 2537 700 2616 omnia,
728 2537 939 2622 Tetraplodom
962 2538 1113 2601 maiatlas
1136 2537 1168 2602 et
1190 2541 1385 2622 abscessimus.

349 2637 384 2700 ln
413 2637 521 2704 rivulis
549 2637 759 2722 amnibusque,
792 2659 859 2705 cum
887 2639 918 2705 in
947 2641 1033 2706 alveo
1068 2638 1189 2706 siliceae
1211 2633 1404 2704 formationis
1426 2635 1539 2716 fluunt,

261 2735 443 2805 Fontiualee
464 2742 496 2806 et
519 2741 758 2824 septentrionem
782 2759 887 2809 versus
910 2743 1130 2828 Dicbelyumta
1154 2742 1276 2820 vivunt,
1300 2741 1332 2807 in
1354 2741 1450 2807 alveis
1475 2739 1539 2805 icr-

261 2840 406 2906 matiouis
429 2845 577 2911 calcariae
600 2849 703 2912 autem
727 2846 986 2910 Fontinalearum
1008 2847 1108 2911 locum
1134 2844 1299 2910 &mutilati
1321 2845 1438 2908 tenent.

348 2947 437 3028 Aqua
458 2948 541 3014 salsa
564 2948 683 3015 nullum
705 2947 765 3014 alit
781 2949 929 3026 Muscam,
953 2951 984 3014 et
998 2968 1060 3014 ana
1076 2947 1265 3014 solummodo
1281 2947 1406 3030 specics,
1431 2947 1539 3010 Grim-

260 3049 326 3111 mia
348 3051 519 3133 enaritlma,
544 3054 674 3136 scopulis
697 3052 863 3118 maritimis
886 3051 1010 3135 propria
1032 3055 1093 3128 eet;
1128 3053 1208 3117 inter
1237 3051 1351 3134 stirpes
1373 3053 1539 3116 terrestres

261 3152 329 3218 sola
352 3153 458 3220 Pollia
480 3156 601 3222 Heimli
623 3159 691 3224 loca
713 3157 838 3224 salifera
861 3157 1085 3240 praecaeteris
1108 3159 1202 3223 amat.

810 3369 880 3451 cap.
904 3367 936 3436 u.

261 3507 310 3578 De
336 3511 423 3580 sedis
449 3519 561 3584 natura
589 3515 641 3584 vel
667 3515 810 3586 chemise
836 3508 891 3586 vel
915 3515 1050 3606 physica
1084 3521 1181 3604 atquc
1208 3513 1249 3583 dc
1284 3517 1354 3600 ejus
1380 3517 1412 3582 vi
1438 3512 1538 3584 blus-

403 3651 512 3702 corum
539 3633 788 3706 distributionem
816 3639 847 3706 iu
874 3645 976 3706 tenes
1002 3635 1170 3725 superficie
1197 3634 1390 3706 moderandi

347 3793 418 3862 Nou
440 3816 544 3863 omnes
566 3796 598 3863 in
622 3797 704 3864 omni
727 3799 796 3866 sede
819 3799 1001 3884 proveniunt
1022 3799 1137 3878 Musei,
1160 3797 1251 3865 alteri
1273 3797 1305 3864 in
1328 3797 1398 3864 sede
1421 3795 1538 3880 reperi-

261 3901 353 3966 untur
368 3901 561 3986 spargamus,
584 3901 674 3969 alteri
697 3903 728 3968 ia
752 3905 822 3970 sede
843 3905 997 3990 organica,
1020 3903 1124 3986 etqui
1148 3900 1321 3986 corporibus
1344 3901 1538 3986 amorganicis

260 4001 469 4082 innascuntur,
491 4003 572 4070 inter
594 4003 668 4070 haec
690 4026 769 4072 nunc
792 4007 892 4073 silicia
913 4025 992 4073 nuuc
1013 4005 1162 4082 calcaria,
1185 4005 1334 4090 argillosa
1357 4005 1406 4069 vel
1427 4023 1538 4070 arena·

260 4125 327 4184 cea,
355 4108 528 4192 aggregata
558 4107 621 4174 sine
649 4110 874 4196 desaggregata
900 4111 1023 4184 amant;
1054 4109 1106 4191 qui
1135 4107 1165 4174 in
1194 4107 1345 4192 organicis
1368 4107 1538 4190 hospitunt,

261 4209 350 4276 modo
374 4210 454 4286 viva,
478 4209 567 4276 modo
590 4215 728 4280 emamus
750 4234 804 4298 pro
826 4213 979 4280 domicilio
1001 4212 1139 4298 eligunt;
1166 4213 1321 4276 caeterum
1347 4229 1405 4276 nou
1422 4229 1537 4293 paucae

260 4313 332 4378 sunt
355 4311 483 4394 species,
512 4334 589 4396 quae
621 4317 690 4382 sede
717 4337 732 4382 e
756 4317 940 4384 substantiis
964 4321 1028 4382 tam
1051 4315 1243 4400 cnorganicie
1266 4335 1359 4398 quiam
1382 4315 1538 4400 organicis

260 4415 429 4498 composita
452 4415 651 4488 delectantur.
699 4421 743 4488 Dc
765 4421 937 4489 rationibus
961 4422 1010 4486 his
1034 4419 1195 4504 vegetandi
1219 4417 1356 4496 diversis,
1380 4419 1410 4484 iu
1434 4419 1537 4487 diver·

261 4518 303 4586 sis
327 4517 527 4586 tractabimus
551 4523 761 4610 paragraphis.
