3188 5230
559 289 756 362 Scligcriaccac
1230 287 1290 353 125

56 467 159 547 anguste
184 465 360 544 lanceolata,
383 466 510 532 comella
538 467 630 552 longa
667 467 798 551 auguste
826 464 951 531 linealis
983 467 1016 532 et
1037 464 1292 540 lineali-setaoca‚

56 569 167 652 margine
186 569 405 650 subsermlata‚
439 573 524 638 costa
547 571 630 639 teum
653 575 710 638 sub
733 572 819 654 apice
842 571 969 637 evanida
992 571 1041 637 vel
1063 570 1219 654 paulisper
1241 587 1294 632 er-

55 675 153 739 cedente
171 675 217 740 uix
238 676 483 759 chlorophpllosa
504 677 706 756 translucida,
729 676 788 742 alis
810 676 1005 760 perangustis
1028 693 1124 758 usque
1147 673 1205 740 sub
1227 672 1295 754 api-

55 795 105 842 cem
123 778 276 856 distinctis;
303 779 535 862 perichaetialia
558 802 574 848 e
596 782 663 847 basi
687 780 930 865 semivaginante
951 777 1294 854 lanceolam-subulam,

57 885 122 946 costa
144 885 311 968 angustiore
340 885 427 952 basin
457 905 564 951 versus
593 886 780 953 suberanida
801 884 882 951 haurd
905 884 1065 950 excedente
1088 883 1148 949 reti
1170 881 1295 947 laxiore.

59 985 137 1051 lloues
154 1008 239 1056 masc.
262 989 294 1054 in
316 990 444 1056 ramulis
466 991 597 1073 propriis
619 992 667 1057 uel
691 991 729 1057 ad
752 990 841 1056 basin
864 987 1061 1054 femineorum
1077 986 1215 1062 sessilcs;
1239 1003 1295 1050 au-

60 1089 159 1155 tteridia
177 1094 390 1178 paraphysata.
436 1093 567 1177 Capsula
598 1094 629 1160 in
659 1094 806 1177 pedicello
829 1093 937 1159 stricto
966 1092 1134 1158 lutesccnte
1156 1089 1296 1156 siccitate

60 1195 230 1262 anetensem
252 1198 335 1263 torto
359 1199 479 1278 erecta,
510 1199 590 1265 sicca
619 1199 835 1282 deoperculata
864 1197 984 1263 sulcata
1014 1196 1104 1262 valde
1127 1194 1294 1262 turbinata.

59 1295 203 1378 Opmulum
224 1301 344 1384 oblique
368 1303 577 1368 subuliroatro.
623 1302 728 1386 Bryol.
751 1323 814 1368 eur.
838 1301 907 1368 Vol.
926 1301 968 1379 ΙΙ,
984 1301 1059 1366 Τοὶ).
1079 1298 1151 1364 110.

65 1418 153 1484 ll'o'en'o
167 1423 281 1505 pusilla
309 1425 420 1488 tuneo
442 1424 550 1507 exiguo
577 1424 727 1506 simplici,
758 1423 916 1504 tluccisquo
945 1422 1046 1488 crutis
1076 1420 1186 1498 rectis,
1216 1418 1298 1485 loliis

121 1525 333 1607 mpillaribus,
357 1527 469 1594 Hmw.
492 1527 590 1594 Musc.
614 1528 712 1595 lrcnd.
735 1528 777 1605 ΙΙ,
800 1547 830 1610 p.
855 1527 907 1606 78,
930 1527 965 1592 Τ.
990 1525 1108 1593 XXIX.

90 1627 170 1693 Hoor.
196 1631 225 1693 et
253 1631 351 1696 Turn.
376 1631 474 1696 Musc.
499 1631 578 1700 Brit.
623 1633 716 1698 Banu.
740 1633 844 1715 Bryol.
868 1631 950 1697 uuir.
1001 1631 1049 1696 Du
1072 1630 1192 1696 Nosne.
1217 1629 1296 1713 Syll.

140 1733 167 1797 et
186 1733 260 1816 llpil.

64 1829 153 1896 ll'o'en'a
174 1839 288 1920 pocillo
325 1839 361 1904 ct
391 1839 523 1923 Sclipere'
553 1840 644 1906 Bam.
676 1840 780 1925 Bryol.
813 1840 896 1905 uuir.
955 1838 1041 1903 Nuus
1075 1837 1107 1903 et
1136 1836 1298 1903 Honnscn.

140 1941 230 2024 Bryol
252 1962 351 2027 gorm.

59 2039 184 2108 Gnnmtc
203 2049 320 2130 pusillo
344 2049 380 2113 et
403 2049 545 2133 Scliqere'.
589 2049 681 2116 Wuu.
704 2049 736 2114 ct
756 2048 854 2113 Morsu
876 2046 947 2113 Bot.
970 2049 1005 2112 Τ.

59 2143 177 2228 Sdioerio
199 2152 318 2234 pusilla
346 2152 406 2216 Ba.
444 2153 477 2217 et
507 2151 580 2218 Sca.
611 2152 717 2236 Bryol.
749 2171 812 2218 eur.
834 2151 856 2217 l.
880 2169 905 2216 ο.
951 2150 985 2217 C.
1008 2151 1143 2216 Mounnn
1164 2149 1294 2234 Syuope.

142 2251 258 2320 Wnson
279 2256 389 2339 Bryol.
422 2257 504 2322 Brit.

58 2348 113 2415 lar.
126 2361 142 2430 β
155 2357 320 2441 camisalia.
354 2358 444 2424 Folia
465 2358 642 2425 distinctius
672 2359 896 2437 subulilormia,
918 2358 1064 2424 acutiora.
1096 2357 1229 2439 Capsula
1251 2357 1301 2424 vir
1434 2339 1439 2348 ’

140 2479 219 2542 supra
239 2462 292 2528 iol.
316 2449 487 2547 pericliaet.
510 2482 670 2549 emergens
693 2465 742 2529 uel
764 2465 896 2531 exserte.

57 2560 177 2644 Sellyere'u
190 2568 356 2651 cordisolia
379 2568 488 2633 Lmen.
511 2568 584 2634 Not.
608 2588 644 2633 ur
660 2567 773 2634 Stllslr.
798 2587 852 2650 pro
874 2567 980 2632 Fauna
1002 2567 1034 2630 et
1057 2564 1150 2631 Flora
1173 2563 1301 2644 donnica,
1394 2601 1407 2610 ·

140 2667 292 2736 lenhandl.
314 2671 377 2750 IX,
403 2670 497 2738 1868.

58 2767 81 2828 S·
95 2773 197 2852 pusillo
217 2782 238 2856 β
260 2775 484 2841 Locroixiooa
506 2776 554 2841 Da
576 2775 665 2840 Nou.¹
683 2775 764 2858 Epil.
788 2775 817 2840 d.
834 2773 931 2840 Bricl.
955 2773 1023 2840 ital.
1046 2791 1075 2854 p.
1092 2770 1155 2838 656
1178 2772 1302 2856 (espec.

138 2880 313 2966 austorici),
338 2899 359 2944 a
381 2879 480 2946 torma
503 2879 633 2944 normali
656 2879 737 2946 toliis
762 2878 948 2944 acutioribus
971 2877 1082 2956 differt,
1106 2878 1227 2943 caetera
1250 2896 1304 2942 er·

138 2983 198 3047 acte
227 2984 346 3050 similia
370 2985 458 3062 suut,
491 2985 527 3048 ut
549 2982 716 3065 specimina
738 2984 778 3050 ab
800 2983 923 3048 auctore
946 2983 978 3048 et
1000 3001 1019 3048 a
1040 2981 1194 3047 Wilsonio
1219 2999 1303 3046 com·

140 3087 285 3154 manicata
308 3089 497 3153 monstrant.

121 3189 217 3256 llctit.
239 3192 317 3258 locis
339 3190 492 3257 umbrosis
514 3190 554 3257 ad
577 3210 650 3257 sara
673 3192 705 3256 ct
720 3209 809 3273 mpes
825 3190 972 3268 calcanea,
997 3188 1150 3254 schistosa
1166 3189 1198 3252 et
1213 3205 1306 3268 quar·

54 3307 106 3356 zeta
124 3311 170 3374 per
190 3297 348 3380 regionem
371 3296 574 3376 campestrem
589 3295 763 3359 montosam
780 3295 870 3375 atque
886 3312 938 3375 per
954 3292 1110 3376 regionem
1125 3291 1305 3356 montanam

53 3409 145 3463 anona
163 3400 357 3466 meridionali
378 3419 474 3482 usque
496 3400 529 3464 iu
552 3398 840 3480 septentrionalem,
870 3397 980 3479 ubique
1004 3394 1169 3478 sporatica.
1214 3392 1304 3459 Haud
1440 3447 1443 3456 .

54 3513 106 3562 llll>
126 3504 208 3570 sociis
231 3505 389 3589 Soligenae
412 3510 579 3568 rececrvoto
600 3503 649 3568 vel
672 3503 807 3568 Aoodnoa
830 3501 980 3566 Douiooo
1003 3498 1164 3582 reperitur.

123 3605 220 3673 Frad.
243 3616 365 3674 motor.
389 3608 428 3674 ad
452 3609 582 3674 aestatis
604 3607 706 3673 linem.

126 3717 228 3780 weaa
248 3719 381 3795 Scllpcrt
404 3720 448 3779 W.
474 3720 504 3778 et
527 3719 575 3788 ll..
598 3721 631 3778 ut
654 3737 668 3778 o
690 3717 897 3792 speciminibus
920 3715 1100 3776 authenticis
1121 3716 1214 3789 patet,
1238 3713 1307 3773 solis

56 3795 114 3858 lette
132 3807 213 3878 paulo
234 3807 422 3867 brevioribus
445 3807 558 3866 strictis
581 3823 599 3865 a
621 3805 714 3866 forma
735 3804 860 3865 nomnali
882 3803 988 3862 differt.

459 3985 489 4039 2.
520 3981 689 4051 saligenio
710 3982 876 4038 calcares.

359 4105 467 4180 Bryum
490 4104 653 4164 calcarcum
676 4103 776 4162 Drors.
800 4102 892 4175 crypt
916 4098 987 4157 fasc.

122 4229 220 4299 Caulis
241 4233 407 4316 perbrevis,
430 4233 568 4301 solidior.
611 4233 701 4299 Folia
722 4231 873 4310 breuiora,
896 4229 1020 4308 latiora,
1044 4225 1186 4293 interiora
1202 4226 1309 4291 ovato·

54 4325 218 4416 laminae,
242 4337 399 4420 superiora
421 4356 438 4402 e
460 4337 529 4402 basi
551 4335 632 4402 evoli
655 4337 686 4401 et
708 4334 842 4420 oblonga
864 4351 997 4400 concaua
1020 4333 1153 4415 anguste
1174 4328 1309 4406 linealis,

56 4437 168 4518 uutica,
198 4441 289 4508 valde
318 4442 584 4526 chlorophyllosa,
619 4440 705 4506 costa
727 4436 918 4522 planiuscula
941 4435 1032 4502 basin
1053 4451 1159 4500 versus
1182 4432 1311 4498 subera-

53 4539 553 4627 ¹1llannpiosmnersusstolidiore
575 4546 677 4610 totam
699 4544 820 4626 partem
842 4541 908 4608 folii
935 4539 1121 4622 superiorem
1145 4537 1312 4619 occupante

54 4661 147 4726 ῡροοοῐ
174 4649 250 4716 lolia
277 4650 507 4734 perichaetiulia
539 4647 778 4734 subvaginantia
807 4666 823 4712 c
851 4643 920 4712 basi
949 4643 1093 4728 elongata
1126 4639 1311 4716 acuminata,
