3080 5246
543 375 711 447 flmme-
1203 379 1264 448 tal

10 569 118 618 osona
139 549 345 632 intermedia,
376 569 404 617 e.
427 571 458 638 g.
481 551 684 638 argentorati
706 553 745 619 ad
768 551 907 631 moenia,
929 551 960 618 in
984 551 1106 619 arcibus
1130 553 1266 638 antiquis

9 653 100 740 logesi
123 656 156 724 ct
178 653 429 740 Hylias-nigrae,
453 655 484 721 in
507 657 638 723 molibus
661 657 825 736 calcareis,
848 658 930 724 socio
952 657 1013 722 ΙΙΙ.
1037 660 1205 739 corvinam,
1229 659 1268 725 ad

9 759 84 826 orla
101 757 134 826 d.
151 759 386 827 Aracelium
408 758 586 839 belveticae,
600 779 628 828 e.
638 759 710 837 a.l;
726 759 937 828 indrauconia
952 761 1008 826 ln.
1024 761 1157 828 Assone
1171 761 1267 846 legit;

9 862 145 928 arissima
175 862 208 928 in
229 861 337 930 Sneoia
367 863 519 946 provenit.
563 864 600 929 ln
631 864 699 930 tota
723 863 847 931 Africae
870 863 1120 948 septentrionalis
1142 865 1268 952 regione

8 965 210 1033 noditorranea
233 985 250 1034 e
272 966 507 1052 vulgarioribns.

72 1071 185 1137 Μαι.
208 1078 325 1137 matur.
349 1071 450 1156 primo
473 1091 552 1140 rere.

70 1200 179 1260 Variat
202 1201 348 1260 densitate
372 1203 402 1262 et
425 1201 519 1262 colore
542 1201 716 1277 caespitum
739 1201 769 1260 in
785 1201 905 1276 Europa
920 1201 1016 1262 media
1039 1203 1267 1278 septentrionem

7 1305 85 1347 'ersus
108 1290 251 1365 vergente
272 1289 338 1348 lare
363 1287 540 1363 caespitans,
562 1289 657 1349 minus
679 1288 833 1349 confertim
856 1305 1001 1349 ramosum
1021 1291 1109 1366 atque
1125 1290 1269 1364 foliosum,

6 1379 98 1434 ntense
122 1375 237 1446 virens,
269 1375 472 1436 unumsimnm
499 1376 664 1450 reperitur,
694 1376 724 1436 iu
757 1375 940 1437 meridionali
962 1377 1050 1437 dense
1072 1379 1267 1452 caespitosum

8 1479 151 1522 umescens
173 1461 507 1524 fasciculam-ramosum
524 1465 554 1522 et
569 1463 755 1535 ramulosum,
777 1463 856 1522 foliis
872 1463 1011 1524 confertis
1027 1463 1161 1540 rigidulis
1176 1465 1268 1526 lutos-

7 1550 134 1622 ontibus,
158 1551 279 1626 capsula
302 1551 433 1611 breviore
456 1550 607 1611 crassiore.
654 1550 758 1610 Densis
781 1551 1011 1612 tumescentibus
1033 1552 1213 1628 caespitibus
1236 1554 1266 1612 in

5 1639 74 1696 nnus
97 1655 153 1698 nec
176 1655 236 1697 non
258 1639 295 1698 ad
318 1655 405 1714 rupes
428 1637 632 1699 broccitorrnas
655 1637 731 1698 circa
755 1655 850 1698 arcem
873 1643 1081 1714 granatensem
1104 1639 1267 1700 Atdumbra

5 1725 174 1785 ‚bundantor
196 1725 264 1785 vidl

307 1919 339 1974 ι
374 1917 697 1988 Rhynoluostesslum
719 1916 944 1977 ourvmatnm.

251 2039 390 2116 Hypnum
412 2041 591 2102 currisetnm
613 2041 698 2101 Bam.
722 2041 771 2117 Sp.
794 2041 884 2101 Maso.
910 2039 1003 2099 1812.

69 2169 154 2236 Lara
184 2170 567 2256 depresso-caespitosnm,
601 2173 740 2239 saturato
765 2161 818 2238 'vel
850 2172 979 2238 obscura
1001 2169 1106 2236 viride.
1151 2171 1266 2240 Planta

2 2290 60 2356 ’age
82 2291 210 2339 ramosa
232 2275 264 2340 et
284 2273 457 2354 ramulosa,
480 2275 611 2342 ramulis
633 2275 776 2361 rigidnlis
799 2275 909 2343 erectis
931 2275 979 2342 vol
1003 2276 1130 2358 patulis.
1175 2277 1265 2344 Folia

4 2375 251 2462 recto-patentia,
273 2378 393 2460 stricta,
415 2381 539 2448 caulium
560 2382 594 2448 at
608 2400 713 2450 ramea
729 2380 875 2462 iuferiora
888 2381 1018 2460 remota,
1041 2381 1217 2449 torminalia
1233 2383 1266 2449 et

2 2481 138 2548 amulius
169 2481 294 2548 densius
325 2483 485 2564 conforta,
517 2484 691 2551 lanceolata
723 2485 754 2550 et
776 2485 909 2570 anguste
933 2484 1265 2570 oblongo-lanceolata,

26 2585 336 2666 =··'a1ta,concara,
358 2589 445 2654 ooata
469 2586 560 2655 viridi
584 2587 623 2655 ad
646 2588 780 2656 medium
801 2587 945 2668 evanida,
969 2588 1108 2674 margine
1131 2589 1266 2656 obsoleto

1 2689 30 2756 ‘el
51 2689 203 2758 distincte
224 2693 354 2772 serrato,
377 2690 497 2758 cellulis
521 2691 583 2758 illis
606 2691 815 2776 praecedentis
838 2691 1037 2772 brevioribus,
1061 2693 1266 2777 superioribus

1 2795 153 2874 indibus,
185 2793 379 2864 inferioribus
402 2795 555 2884 hyalinis,
588 2799 653 2864 rete
674 2796 835 2883 byalinum
858 2797 1003 2880 pertenue
1025 2796 1265 2876 adormantibus,

1 2898 115 2965 trienlo
139 2899 331 2982 primordiali
353 2901 524 2984 conspicuo.
555 2901 780 2968 Poricbaetium
805 2901 1041 2987 oligopbpllum,
1064 2901 1147 2967 loliis
1170 2901 1264 2986 palli·

2 3003 202 3070 iseoostatis
223 3003 338 3070 interni
360 3005 451 3090 longe
482 3005 677 3072 acuminatis.
722 3003 855 3088 capsula
888 3003 1105 3096 solidinscula,
1138 3023 1155 3068 e
1185 3004 1264 3070 collo

1 3107 131 3174 wintincto
154 3107 253 3174 oralia
274 3107 321 3174 rel
345 3108 495 3194 oblonga,
518 3108 738 3188 horizontalis,
760 3107 977 3184 solidiuscula,
1001 3106 1145 3184 olirccoa,
1169 3124 1264 3173 vacua

0 3229 166 3288 oscescene,
189 3211 336 3296 pedioello
357 3212 547 3280 subdexuoso
568 3231 685 3296 aspero,
711 3213 853 3296 operculo
875 3213 959 3278 luteo
981 3209 1185 3288 subulirostri,
1208 3230 1265 3276 an·
1404 3249 1409 3258 -
1535 3197 1536 3230 ¹

1 3315 54 3380 ulo
87 3315 273 3399 composito,
310 3315 484 3384 latiusculo.
529 3317 751 3385 Peristomium
789 3313 1009 3400 praecedentis.
1054 3315 1160 3400 Brpol.
1199 3333 1262 3382 aur.

1 3418 52 3484 iol.
68 3419 108 3498 V,
131 3419 208 3486 nab.
224 3417 288 3486 509
309 3420 610 3508 (Rbyocdcsthium
636 3422 817 3506 chsdctii).

1 3541 141 3626 lypaum
165 3539 300 3607 &bledein
322 3544 352 3608 rt
372 3542 406 3608 ot
420 3541 577 3610 littormm
598 3543 647 3611 Du
668 3543 789 3611 Norsn.
813 3543 912 3610 Mant.
929 3545 961 3611 et
976 3542 1053 3628 Syll.
1076 3539 1173 3611 lduao.
1191 3543 1264 3610 ltal.

1 3644 140 3730 {ypnum
162 3645 336 3730 ήμίάιιὶιιιιι
360 3645 416 3712 Bu.
438 3647 511 3713 mst

1 3747 139 3834 lypnum
163 3749 317 3836 Jocquioi
337 3749 518 3818 dnaovnon.
541 3750 628 3832 mst,
651 3771 667 3818 a
690 3751 814 3835 specim.
837 3753 918 3818 auct.

1 3851 139 3938 lypucm
166 3851 340 3936 Tmcriffue
360 3851 547 3921 lionruuuu.
570 3853 654 3920 Hist.
678 3855 742 3920 nat.
764 3855 794 3921 d.
818 3853 880 3922 llas
903 3853 1014 3922 Oanar.
1036 3875 1093 3939 par
1116 3853 1216 3921 Wsss
1231 3857 1264 3920 ot

90 3955 294 4034 Benearnum
318 3955 424 4042 Orypt.
447 3977 478 4041 p.
502 3957 555 4040 ³1,
577 3958 640 4025 tab.
664 3959 723 4038 Ill,
746 3978 763 4026 a
786 3961 910 4043 specim.
935 3961 1015 4027 auct.

0 4091 1 4108 ι
30 4058 268 4146 postomium
294 4061 450 4128 Teosdolii
471 4063 528 4128 Bn.
552 4064 584 4128 et
606 4061 679 4129 Scs.
704 4063 810 4148 Bryol.
834 4083 897 4131 eur.
943 4066 991 4131 Da
1014 4063 1135 4130 Nersa.
1158 4060 1238 4147 llpil.

69 4179 177 4248 Radit.
207 4179 246 4248 ad
278 4201 351 4250 sara
372 4183 498 4252 humida
519 4184 702 4269 praesertim
725 4203 811 4252 secus
834 4183 952 4251 rivulos
974 4186 1006 4251 et
1028 4184 1067 4250 ad
1089 4184 1262 4250 cataractas

1 4285 116 4370 igionis
136 4285 329 4370 campestris,
352 4305 405 4370 por
428 4307 534 4355 aonam
558 4288 790 4357 meridionalem
812 4289 905 4372 atquo
927 4285 1139 4354 intermediam
1157 4305 1262 4369 spora-

0 4409 63 4458 ce:
90 4391 121 4457 in
142 4389 302 4458 Sardiniae
325 4391 431 4458 Monte
453 4401 544 4459 santo
566 4392 771 4476 pulcherrime
793 4391 862 4478 (Fa.
886 4391 1052 4474 Morum),
1075 4389 1108 4454 in
1131 4389 1258 4456 dustria

1 4495 126 4562 rieriore
156 4515 252 4582 prope
275 4495 448 4563 Dornboclr
479 4497 726 4582 (Ganovaouro),
758 4496 789 4562 in
822 4495 904 4562 saris
935 4491 1083 4560 arenariis
1119 4493 1258 4561 irroratis

19 4619 74 4684 ·pa
96 4599 261 4685 Bipontum
279 4601 429 4685 (Basca),
452 4602 491 4669 ad
514 4603 620 4686 pedem
645 4621 685 4667 m.
704 4603 811 4670 Salios
832 4599 889 4667 dit.
906 4597 1094 4668 &novensis
1108 4599 1152 4682 (J.
1169 4600 1261 4666 Mur.-

0 4709 71 4790 a'),
101 4707 138 4774 ad
169 4705 396 4795 susibumida
417 4707 502 4774 borli
525 4705 660 4774 botanici
683 4705 911 4794 burdegalensis
934 4704 1104 4790 (Donnes),
1135 4701 1200 4788 ipse
1222 4705 1261 4772 ad
