3080 5246
536 357 705 436 suppum

7 537 123 602 l'ertcra
144 539 178 605 et
199 538 320 605 heroa
341 539 452 606 Hune.
496 539 681 606 Scswssua.
725 539 816 606 Bam.

7 643 127 708 bosco
149 643 184 710 Ο.
206 643 342 710 Muenna
362 644 395 710 in
416 644 562 724 Liunaea,
586 645 729 710 Neotero
750 645 783 710 in
806 643 949 730 synopsi.

69 765 208 832 Proxime
230 765 270 832 ad
291 784 405 850 genera
427 767 545 832 exotica
561 766 708 831 modos
723 767 756 831 et
770 766 1049 852 Leptobymccium
1071 769 1104 834 et
1126 768 1166 835 ad
1180 786 1256 834 nou·

7 867 65 932 rulla
86 869 147 934 ulia
168 869 208 936 ab
230 869 405 936 auctoribus
429 869 581 952 bucusque
603 869 736 935 nondum
752 871 855 937 exacte
874 871 1105 956 cncumscripta
1120 871 1254 950 accedit;

6 974 62 1036 nter
83 990 230 1056 europaea
252 971 455 1056 pulcherrime
476 971 667 1039 distinctum.
818 945 840 990 ⁸

272 1175 299 1230 1.
339 1172 663 1242 oyunurotusorum
685 1174 957 1232 cladomniaans.

368 1295 502 1356 Neokera
525 1296 742 1356 cladorrhiaaur
764 1297 866 1356 Hsuw.

64 1425 445 1509 Depressoeaospisosum,
462 1427 613 1510 caespites
629 1427 719 1502 laete,
736 1428 767 1491 in
783 1427 896 1511 apricis
910 1425 1144 1494 ameonridss.
1175 1425 1254 1493 Gau-

6 1528 113 1612 ispius
145 1529 284 1598 minusue
314 1531 460 1597 dubium
488 1533 816 1613 pinnato-ramulosus.
861 1531 948 1597 Volia
969 1530 1068 1597 lexim
1091 1529 1253 1598 densiusve

7 1635 370 1717 omplauato-imbricata,
402 1635 466 1702 late
498 1635 779 1703 ovato-lanceolata
805 1637 838 1702 et
860 1655 877 1702 e
897 1635 962 1702 late
984 1636 1116 1719 oblongo
1138 1633 1252 1701 sensim

6 1737 32 1802 ‘el
60 1739 158 1805 subito
192 1739 484 1807 breui-acuminata.
529 1739 678 1825 Galyptra
700 1759 795 1823 usque
817 1738 857 1805 ad
879 1740 1022 1823 capsulae
1044 1739 1158 1806 collum
1180 1757 1253 1824 pro·

6 1844 76 1908 xnotar.
112 1842 250 1927 Capsula
270 1844 382 1922 rufulu,
405 1845 606 1928 leptodsrme,
628 1845 768 1929 operculo
790 1844 895 1912 conice
918 1845 1043 1912 mutioo.
1074 1843 1253 1910 Peristomii

6 1949 79 2013 ,entes
99 1947 218 2014 inferno
242 1948 384 2015 atroruii
407 1947 531 2036 integri,
553 1967 684 2033 superne
706 1949 882 2033 pallidiores
905 1948 1083 2033 plerumque
1104 1947 1252 2026 lacunosi,

6 2053 86 2118 uterm
105 2073 268 2136 processus
290 2053 408 2138 pallidi,
430 2055 553 2140 integri.
588 2055 692 2142 Bryol.
717 2073 780 2121 eur.
806 2054 874 2121 Vol.
898 2053 937 2133 V,
960 2053 1036 2121 Tab.
1052 2051 1117 2120 468
1139 2051 1252 2136 (Eroto-

6 2159 41 2220 lon
61 2162 260 2245 mropaeae).

6 2277 114 2345 Vertere
146 2279 393 2346 clodorrtizons
424 2278 624 2360 decumbens,
652 2281 748 2346 ramis
770 2279 911 2345 distichis
933 2273 1115 2360 compressis
1136 2275 1175 2343 ab
1198 2293 1250 2341 ex-
1377 2321 1383 2330 ·

79 2385 243 2450 tremitate
264 2383 483 2466 radicantibus,
506 2383 589 2452 foliis
612 2384 782 2451 imbricatis
797 2381 994 2461 eductulosis,
1017 2382 1180 2464 sporangio
1196 2378 1250 2444 ob-

79 2489 171 2574 longo
195 2490 310 2568 erecto,
332 2489 472 2574 operculo
495 2488 603 2557 obtuse
624 2489 737 2555 oonico.
774 2488 885 2553 Huow.
909 2485 997 2570 Spec.
1020 2484 1107 2550 blusc
1129 2503 1159 2568 p.
1175 2482 1249 2563 207,

23 2597 104 2763 Bure:
125 2592 236 2783 gyon
259 2699 343 2768 unis.
390 2698 423 2766 O.
447 2697 581 2764 Monens
605 2695 733 2782 Syuops.

5 2797 260 2882 blindrolhcoium
287 2801 474 2870 Schleiohert
495 2802 540 2886 (iu
561 2803 626 2869 tab.
648 2800 726 2867 icon.
750 2799 898 2865 mardoo
920 2799 1107 2884 europaeve)
1129 2797 1187 2864 Bo.
1219 2797 1251 2862 at

5 2905 525 3090 mmm-cffimm
547 3011 620 3079 Seu.
644 3010 718 3095 Syn.
741 3007 788 3075 ed.
815 3009 843 3074 1.
888 3006 938 3072 Du
958 3005 1080 3073 Nerua.
1103 3003 1185 3087 Epil.

58 3133 165 3202 liubit.
189 3135 231 3202 ad
253 3154 352 3218 rupes,
375 3153 449 3201 saxa
471 3136 504 3201 ot
526 3153 619 3218 supra
641 3149 745 3199 muros
766 3129 913 3197 umbrosa
925 3127 960 3193 in
975 3123 1135 3204 montosis,
1157 3141 1248 3207 prae-

5 3233 58 3314 ilue
79 3237 107 3304 in
130 3240 216 3306 saxis
241 3237 373 3322 delapsis
395 3239 594 3306 castellorum
617 3237 821 3319 antiquorum,
845 3234 876 3298 iu
899 3230 1031 3298 vallibus
1052 3226 1248 3295 inferioribus

5 3343 86 3405 actm
107 3341 208 3426 alpini
239 3361 332 3409 sonas
364 3341 579 3409 intermediae:
612 3337 823 3425 copiosissime
845 3333 1006 3403 observari
1028 3350 1121 3416 supra
1142 3347 1247 3396 muros

5 3441 125 3512 udrosos
143 3448 232 3529 ripae
255 3445 413 3513 orientalis
435 3446 521 3513 lacus
543 3445 679 3524 lamani,
702 3462 796 3527 prope
818 3441 960 3523 Obrrcrre,
985 3437 1118 3520 Otillon,
1140 3433 1247 3503 multis

5 3546 95 3614 sirm
116 3550 237 3634 Tyroli,
261 3569 353 3634 prope
377 3550 598 3634 Oenopoutum,
622 3549 654 3614 in
669 3546 878 3631 Salisburgia;
901 3545 932 3610 in
946 3541 1059 3628 Vogesi
1083 3539 1247 3623 superioris

5 3667 39 3716 us
64 3654 191 3739 antiqua
220 3653 513 3740 HotoLandsbcrp
544 3653 684 3740 (Busan),
722 3653 753 3718 iu
776 3649 979 3735 Sylva-nigra
1016 3643 1171 3730 superiore
1207 3642 1248 3709 ad

5 3757 86 3820 &dulor
108 3758 237 3824 &blase
259 3757 334 3842 (An.
356 3758 500 3843 Bssuu),
533 3757 566 3823 in
597 3757 688 3824 tectis
710 3751 887 3820 stramineis
910 3748 1058 3818 Austriue
1081 3745 1246 3830 superioris

5 3875 113 3944 :prope
136 3863 303 3928 Mittererll
334 3863 521 3948 Pinagoriae
553 3860 721 3948 (sionna),
750 3855 918 3924 Mediolani
948 3855 987 3922 ad
1016 3848 1245 3929 murosurbis,

5 3967 118 4032 oerum
142 3967 175 4032 in
198 3965 294 4032 Italia
317 3965 489 4051 superiore,
520 3965 558 4032 ad
582 3964 775 4042 Verianum,
810 3961 849 4027 ad
870 3959 1014 4036 Larium,
1036 3957 1068 4022 in
1090 3951 1246 4038 prouincia

5 4071 176 4152 ergomensi,
210 4071 243 4138 iu
266 4090 343 4157 agro
364 4069 555 4152 bassausnsi,
578 4070 610 4136 in
632 4068 739 4155 'l'yroli
760 4063 953 4133 meridionali
975 4063 1131 4144 frequens,
1163 4055 1244 4120 teste
1333 4093 1335 4098 -

8 4173 184 4244 suerrus.
229 4175 295 4242 Nec
316 4175 348 4242 in
372 4175 539 4243 Germania
562 4175 651 4257 sept,
674 4191 731 4240 nec
751 4171 784 4236 iu
807 4165 1018 4244 scandinavia,
1041 4181 1096 4229 uec
1117 4159 1149 4225 in
1171 4155 1242 4223 Bri·

5 4278 71 4394 uuia
102 4281 309 4348 observatum.
355 4279 609 4364 copiosissimum
638 4281 679 4346 ad
709 4277 852 4345 arborum
884 4272 1001 4342 radicas
1032 4267 1065 4333 in
1094 4259 1242 4346 Pomsll·

5 4397 29 4442 ur

30 4401 159 4557 1⁸⁴lv'rrcct.
184 4495 302 4555 molar.
325 4490 501 4556 auctumno.

52 4599 137 4660 Ludit
152 4600 231 4662 loliis
247 4600 313 4677 pius
328 4601 424 4662 minus
440 4595 643 4675 complanatis,
665 4593 783 4657 densius
797 4591 929 4654 lamusrc
944 4582 1113 4647 imbricatis.
1143 4577 1240 4654 stirps

24 4709 143 4758 aarum
157 4705 273 4759 smus.
295 4706 381 4748 uun.
1030 4679 1066 4734 4⁰
