3208 5214
280 277 324 344 84
832 272 1004 328 mamm.

282 451 495 538 Campylopus
525 451 641 515 viridis
671 447 795 514 somn.
828 449 861 514 et
882 448 974 524 Iamo.
1008 445 1108 513 Mosei
1138 444 1430 512 norell-Ameria
1466 444 1517 508 ed.
1537 441 1556 511 l,

388 555 447 621 No.
471 555 522 621 72.
567 553 690 620 smus.
713 553 796 618 icon.
820 552 919 618 llusc.
941 571 971 634 p.
994 549 1048 626 30,
1070 550 1146 616 sab.
1173 549 1223 615 18.

283 659 464 724 Dicranarm
486 658 665 722 thraecium
688 655 818 722 somn
841 657 899 721 mt
943 655 989 719 D.
1011 655 1114 717 cir-ide
1135 655 1184 717 De
1206 653 1327 718 Norba.
1352 649 1433 734 Epil.

367 780 475 846 Hauc.
520 780 570 845 Ad
592 779 736 844 mborum
758 777 981 860 sylvaticarum
1003 777 1128 841 truncos
1150 793 1203 856 per
1225 773 1391 856 Vogesum,
1417 771 1558 856 sylvam-

279 885 413 968 uigmm,
436 884 468 948 iu
483 882 636 949 Barariee
651 883 684 946 et
699 883 847 947 Austriac
869 881 1024 945 montanis
1040 879 1213 963 spinetula,
1235 879 1265 942 in
1282 875 1457 942 Fraucouia
1475 895 1559 960 prope

279 987 435 1052 Eicbslo'tt
464 986 517 1051 ubi
545 987 584 1051 cl.
609 986 665 1050 Fra
688 987 933 1066 nunccupare·
961 984 1152 1048 bactilerum
1181 982 1314 1058 detexit,
1346 983 1511 1046 caeterum
1535 981 1561 1044 in

280 1111 322 1156 m.
349 1091 491 1170 Taunus,
513 1090 546 1154 iu
568 1089 748 1173 Thuringia‚
771 1087 967 1170 Westpbalia
986 1107 1013 1152 e.
1030 1108 1059 1153 a
1076 1088 1096 1153 l.
1120 1088 1317 1152 obseruatum
1340 1089 1405 1164 est,
1428 1087 1465 1150 in
1482 1105 1561 1152 moue

279 1195 362 1260 tibus
385 1192 424 1259 ad
453 1193 628 1258 Vertacum
662 1192 874 1274 copiosissime
905 1191 968 1274 (Da
989 1191 1161 1274 Nouanus),
1196 1190 1228 1255 in
1250 1189 1401 1254 Tasastia
1431 1189 1561 1254 australi

279 1296 441 1377 (Fanniae)
470 1315 516 1378 pr.
548 1296 665 1360 Holola
696 1294 735 1359 aul
767 1313 840 1360 saxa
870 1295 984 1360 lectum
1007 1294 1132 1376 pulchre
1155 1293 1347 1358 fructiferum
1371 1293 1466 1358 misit
1492 1295 1561 1359 clar.

279 1400 439 1478 Nosauuu,
471 1399 584 1464 ibidem
615 1398 653 1464 ad
685 1401 808 1464 truncos
837 1398 938 1464 Tiliae
970 1399 1078 1463 sterile
1108 1398 1259 1478 prouenit.
1304 1397 1341 1462 ln
1370 1395 1473 1480 sylvis
1499 1415 1563 1478 pro

278 1502 380 1568 lundis
401 1501 529 1568 Ohionis
552 1504 670 1586 (Amer.
693 1504 785 1586 sept.)
807 1503 926 1584 copiose
948 1503 1079 1584 prostat.

368 1623 476 1688 Frucl.
499 1631 616 1687 matur.
661 1622 756 1701 iulio,
779 1623 931 1707 Augusto.

367 1751 393 1809 a
415 1751 455 1810 D.
479 1755 613 1810 monam
635 1751 728 1825 primo
752 1752 815 1809 visu
840 1751 992 1824 agoraea
1016 1750 1151 1824 nouaque
1175 1751 1333 1826 fragilibus
1354 1751 1467 1809 ouran

692 1979 721 2032 a.
760 1977 949 2033 Dior-anum
971 1979 1158 2046 flagellare.

751 2115 854 2174 lisnw.
878 2117 967 2175 Musc.
992 2117 1086 2175 lrond.

370 2260 470 2326 Densa
491 2263 525 2326 at
545 2264 703 2344 compacte
725 2266 943 2346 caespitcsum‚
970 2264 1123 2347 caespites
1146 2267 1287 2332 saturate
1311 2265 1429 2330 uirides
1451 2265 1568 2330 interne

281 2361 446 2446 ferruginei
476 2365 622 2431 radiculis
650 2370 735 2432 arcto
766 2368 921 2434 istricatis
951 2371 1121 2436 intertexti.
1174 2370 1288 2436 Planta
1317 2375 1422 2436 crecta
1452 2369 1566 2452 pluries

283 2463 468 2544 diabolorum,
497 2472 569 2550 post
590 2471 706 2536 fructus
729 2473 942 2538 maturitatem
965 2492 982 2538 e
1005 2473 1146 2540 loliorum
1169 2473 1274 2538 axillis
1297 2473 1493 2555 superiorum
1517 2493 1569 2536 ra-

283 2570 384 2636 mulos
407 2589 585 2637 numerosos
601 2573 730 2640 strictos
746 2575 965 2661 micropbyllos
980 2576 1109 2662 fragiles
1124 2577 1249 2644 tandem
1265 2578 1392 2662 fugaces
1408 2579 1568 2642 emittens

285 2673 372 2738 liclia
393 2674 736 2756 lanceolata-subulam,
759 2698 902 2757 concava,
925 2681 1113 2748 subsecundo
1128 2683 1160 2746 ct
1175 2681 1318 2758 secunda,
1340 2683 1433 2746 coste
1454 2681 1571 2744 latins·

283 2778 353 2844 cula
375 2777 537 2858 instructa,
561 2799 681 2847 summo
696 2783 835 2849 acumina
849 2784 1048 2864 denticulata,
1071 2787 1153 2852 sicca
1175 2785 1261 2868 apice
1284 2787 1440 2870 tortuosa
1480 2783 1573 2848 Peri·

286 2880 441 2947 chaetium
464 2883 554 2966 longe
576 2887 738 2970 saginans.
783 2885 917 2970 capsula
939 2888 970 2953 iu
994 2889 1138 2971 pediocllc
1162 2889 1292 2971 pallido,
1322 2887 1404 2954 sicco
1427 2887 1573 2953 dextror-

286 3003 353 3050 sum
369 2986 469 3052 tcrtili
491 2988 828 3073 elongato-cylindrus,
852 2993 974 3070 striata,
998 2993 1078 3058 sicca
1101 2995 1218 3060 remote
1240 2992 1369 3068 sulcata,
1391 2993 1512 3058 annulo
1536 3013 1573 3056 eu

285 3107 346 3154 uua
368 3089 446 3156 seria
469 3090 650 3158 cellularum
671 3094 852 3176 composito.
897 3095 999 3180 Bryol.
1024 3114 1125 3180 curop.
1158 3097 1228 3162 Vol.
1245 3097 1270 3176 1,
1293 3097 1368 3162 'lab
1385 3097 1443 3163 58.

285 3209 466 3276 Dicranum
497 3212 659 3298 flagellare
690 3215 772 3280 loliis
806 3217 959 3282 subulatis
991 3218 1219 3297 heteromallis‚
1253 3219 1352 3284 thecis
1385 3219 1576 3304 cynnama<

395 3315 506 3395 rectis,
538 3317 678 3400 operculo
709 3319 897 3402 longirostro
929 3340 1065 3387 recurro.
1111 3321 1221 3387 llsnu.
1251 3323 1350 3387 Musa
1381 3321 1488 3388 irond.
1512 3325 1576 3390 lll.

393 3418 469 3483 Tab.
496 3419 522 3484 1.
568 3421 659 3486 Bam.
689 3422 794 3506 Bryol.
829 3423 911 3488 univ.
957 3425 1006 3490 W.
1038 3428 1070 3490 et
1100 3426 1144 3491 M.
1176 3427 1213 3491 B.
1244 3426 1279 3492 T.
1333 3426 1391 3490 Ba.
1429 3429 1463 3492 et
1496 3429 1575 3492 saa.

393 3521 498 3606 Bryol.
521 3542 586 3589 eur.
609 3526 631 3590 l.
655 3546 680 3591 c.
726 3527 852 3594 Hanuu.
876 3527 989 3595 Skand.
1013 3530 1060 3596 Fl.

373 3642 481 3708 Habil.
504 3647 543 3710 ad
565 3647 690 3713 truncos
713 3649 851 3730 putridos
875 3649 1008 3735 regionis
1030 3651 1212 3735 campestris
1242 3653 1275 3718 et
1298 3653 1484 3727 montanae.
1519 3675 1577 3738 per

285 3763 392 3812 ronam
423 3747 635 3816 intermediam
665 3753 697 3815 ei
719 3752 1009 3834 septentrionalem
1040 3756 1072 3820 iu
1094 3755 1216 3839 Vogcso
1246 3755 1389 3823 inferiore
1422 3759 1459 3822 ut
1482 3763 1515 3826 et
1543 3763 1578 3826 in

287 3848 411 3916 Valesia
433 3851 613 3934 praeprimis
635 3853 666 3919 in
690 3855 839 3937 stirpibus
861 3858 1109 3938 putrescentibus
1126 3857 1299 3924 &securene
1321 3881 1428 3926 rucene
1452 3863 1577 3929 iuueni.

285 3951 486 4020 Desideratur
519 3955 551 4021 in
573 3956 745 4025 Britannia.
790 3961 879 4026 Haud
903 3981 1007 4028 rarum
1030 3963 1061 4026 iu
1084 3963 1227 4028 Amerina
1249 3965 1507 4047 septentrionali.
1542 3983 1580 4034 ea

288 4056 320 4122 iu
341 4057 451 4124 insulis
473 4059 720 4128 Cauaricnsibus.

374 4181 482 4248 l’mcl.
506 4189 622 4248 amtor.
647 4185 746 4251 media
768 4189 897 4254 aestate.

372 4310 484 4370 Remuli
508 4311 629 4388 fragiles
651 4331 741 4388 supra
763 4317 875 4377 laudati
905 4321 983 4378 baud
1013 4337 1091 4390 raro,
1121 4320 1296 4394 praeprimis
1324 4321 1355 4380 in
1385 4325 1577 4398 caespitiba-

285 4395 453 4468 laxioribus,
475 4401 590 4459 desunt.
