3402 5234
705 293 867 358 Pottiaoosa.

598 484 630 542 4.
653 482 808 542 Barbula
822 481 964 542 aloidas.

587 587 730 647 Triobost.
753 586 863 647 aloidea
886 587 979 646 Koorr.

231 697 322 766 Folia
343 697 408 766 illis
430 698 640 783 praeualentis
662 699 754 784 paulo
775 699 956 785 angustiora
971 700 1003 767 et
1018 697 1168 783 longiora,
1191 697 1293 764 minus
1308 696 1425 782 patula,

140 803 233 871 aonte
255 803 440 883 acuminata,
463 803 550 870 oosla
572 803 612 871 uei
633 803 767 871 medinm
790 803 964 871 incrassata
984 803 1134 886 dorsoque
1155 820 1298 870 convexa.
1344 801 1425 885 Cap·

141 907 213 976 sula
235 924 252 975 a
272 907 414 992 pedieelli
436 909 604 974 curvatura
626 927 738 974 oernua
761 909 793 974 et
816 905 1088 986 subborizontalis,
1111 904 1426 992 elongato-cylindru-

138 1029 216 1092 eea,
246 1011 450 1092 subaromta,
480 1012 579 1080 latere
608 1013 725 1082 eoelum
755 1013 917 1097 spectante
949 1011 1119 1078 rulo-lusco
1148 1010 1290 1078 inferiore
1313 1010 1426 1094 pallide

139 1116 237 1184 fusoo.
282 1115 434 1202 Calpptra
456 1115 568 1184 breuis.
613 1116 798 1200 operculum
830 1115 1059 1183 aautirosirnm.
1103 1115 1244 1181 Annulus
1266 1133 1282 1180 e
1305 1113 1427 1181 cellulis

139 1218 249 1304 paruis
271 1220 439 1299 formatus,
471 1221 562 1306 longe
591 1220 769 1308 persistens.
814 1219 996 1287 Peristomii
1025 1217 1132 1284 dentes
1159 1217 1332 1284 tenuissimi
1355 1236 1427 1284 oon·
1501 1301 1502 1304 Ἴ

141 1323 305 1392 volutione
327 1323 462 1408 simplici
483 1325 633 1404 oontorti,
668 1323 807 1390 siccitate
830 1322 1089 1390 arcuato-incurvi
1111 1321 1196 1404 apice
1219 1323 1426 1408 assurgentes.

141 1427 261 1512 Sporus
281 1427 374 1512 duplo
396 1426 539 1512 majores,
562 1429 674 1495 laeves.
718 1428 824 1511 Bryol.
847 1447 910 1494 eur.
932 1426 1002 1493 Vol.
1025 1427 1067 1506 II,
1091 1426 1167 1492 'lab
1194 1424 1266 1492 139.

145 1549 396 1616 liielrostomum
418 1551 537 1617 aloidm
559 1551 679 1636 (Koon)
700 1551 787 1618 mule
810 1553 910 1618 erecto
933 1567 1054 1617 ramoso
1069 1549 1164 1629 brevi,
1187 1549 1270 1616 loliis
1285 1549 1427 1636 oblongis
1501 1537 1506 1544 ’

53 1653 60 1666 ”
254 1653 371 1721 obtusis
401 1653 536 1722 ineurvis
565 1654 776 1742 integerrimis
799 1674 944 1723 mucrone
966 1673 1060 1740 paruo
1082 1653 1273 1722 denticulato
1293 1674 1311 1722 e
1333 1673 1427 1721 nervo

252 1759 401 1842 obsoleto,
422 1760 527 1828 theone
550 1759 760 1845 cylindraeeae
782 1759 922 1844 operculo
945 1759 1109 1839 subsisto,
1131 1757 1304 1842 peristomii
1326 1756 1428 1825 denti·

253 1861 309 1930 bus
331 1863 417 1946 apiae
440 1863 683 1932 subintertertis.
727 1864 818 1930 Ram.
841 1863 948 1948 Brpol.
970 1861 1054 1929 univ.
1077 1863 1104 1942 I,
1126 1882 1156 1946 p.
1180 1861 1255 1930 816.

149 1967 285 2034 Torlala
306 1969 416 2054 rigida
438 1969 539 2036 Hoou.
563 1970 606 2036 et
628 1969 724 2034 beru.
770 1966 870 2034 sumn
893 1966 985 2054 lingl.
1008 1967 1079 2033 Bot.

143 2070 272 2156 Bryam
294 2071 436 2156 ήρίάαηι
456 2071 564 2138 Duum.
587 2071 682 2157 (teste
704 2070 859 2157 Wrnsou).

143 2175 291 2243 Borbrslo
312 2177 431 2242 aloidas
461 2177 520 2244 Bu.
552 2178 584 2244 et
606 2177 680 2245 Son.
710 2177 816 2262 Bryol.
839 2195 943 2260 europ.
966 2174 988 2244 l.
1011 2195 1037 2244 e.
1082 2175 1116 2244 0.
1138 2176 1274 2243 Mllnnna
1297 2175 1425 2262 Synops.

254 2281 304 2349 m
326 2281 477 2350 Nomius.
719 2319 723 2326 ·
1069 2285 1072 2290 '

234 2403 342 2471 Babil.
371 2403 405 2472 in
432 2405 516 2472 terra
546 2403 716 2490 argillama
744 2403 785 2470 ad
817 2421 946 2490 aggeres
970 2401 1001 2468 et
1023 2419 1137 2482 muros,
1161 2400 1199 2470 ali
1222 2421 1311 2484 rupes
1334 2400 1430 2468 semi·

144 2507 369 2593 (incompositas
391 2529 447 2594 per
467 2528 577 2577 zonam
599 2508 815 2576 intermediam
837 2509 929 2590 etque
948 2505 1190 2585 meridionalem,
1213 2505 1427 2572 multominus

144 2613 286 2696 frequens
308 2633 401 2698 quam
423 2614 461 2678 Β.
477 2613 645 2698 ombipua:
666 2611 699 2678 in
714 2612 839 2697 rupibus
853 2609 1189 2696 poeoilitieo-erenariis
1205 2628 1298 2694 prope
1313 2610 1428 2693 Bipon·

145 2719 214 2784 tum
235 2719 329 2801 atque
350 2718 596 2784 Kaiserloatern
617 2716 670 2784 ubi
691 2717 764 2783 olan.
787 2717 879 2783 Koon
901 2716 982 2782 Flor.
1005 2734 1102 2800 germ.
1129 2715 1236 2780 aneton
1258 2715 1373 2782 detexit
1396 2717 1428 2781 et

144 2821 214 2904 ipse
232 2820 308 2906 legi,
331 2819 364 2888 in
387 2820 545 2888 vinearum
566 2821 663 2890 muris
678 2821 806 2887 ditionis
821 2819 1098 2904 Stuttgartinensis
1121 2837 1176 2884 nee
1198 2836 1257 2885 non
1281 2837 1334 2901 per
1349 2818 1427 2886 Gal·

142 2925 224 2996 liam
252 2924 486 2992 meridionalem
513 2924 569 2992 ubi
598 2924 687 2993 ualle
717 2924 871 3010 uulgaris,
908 2943 962 3008 per
998 2922 1126 2988 ltaliam
1161 2925 1193 2988 et
1223 2922 1426 3006 Hispaniam

142 3029 185 3098 R.
207 3027 329 3096 Sennea
350 3048 367 3095 e
390 3027 572 3106 Britannia,
602 3028 767 3096 eomitessa
798 3027 1103 3095 Proerna-Minaeum
1134 3045 1169 3092 er
1190 3044 1266 3110 agro
1288 3044 1424 3104 romano,

142 3131 184 3198 Ο.
207 3131 373 3198 Sannorum
394 3153 412 3199 e
433 3133 604 3212 Dalmatia,
626 3133 657 3200 l.
683 3134 816 3199 Monam
838 3151 854 3200 e
876 3134 954 3198 Rois
976 3133 1014 3197 de
1035 3132 1068 3196 lo
1091 3131 1198 3196 Bastia
1220 3149 1312 3213 prope
1329 3131 1426 3195 Gerre·

141 3255 217 3300 vam
247 3235 411 3315 miserunt;
438 3256 492 3321 per
514 3237 708 3304 Britanniam
738 3238 814 3304 loeis
843 3236 1013 3303 numerosis
1045 3235 1194 3321 provenit.
1238 3235 1275 3301 ln
1299 3234 1428 3320 Algeria

142 3339 309 3408 Scumrra
331 3341 363 3408 et
383 3341 509 3408 nomeu
530 3341 682 3428 legerunt.

234 3443 344 3513 unm.
366 3453 484 3514 matur.
507 3445 547 3514 ab
569 3447 732 3514 anetumno
755 3445 795 3514 ad
818 3464 930 3514 rerem.

578 3633 710 3723 Subgen.
731 3636 763 3704 2.
808 3635 994 3704 Barbula.

233 3771 365 3844 Pnnue
386 3791 552 3858 pmenues,
573 3773 802 3858 neaspilsntes,
823 3774 926 3842 aetate
947 3771 1122 3840 dichotome
1143 3769 1427 3857 fastigiare-ramo·

56 3949 64 3964 ,
137 3894 210 3945 sae.
244 3875 333 3944 llolia
354 3875 598 3958 tereti-ooststa,
620 3877 679 3946 alis
702 3879 783 3948 baud
805 3878 934 3948 infleris.
964 3875 1146 3944 Peristomii
1161 3876 1267 3943 dantes
1283 3874 1315 3940 in
1331 3894 1427 3942 mem-

138 3983 244 4050 brana
271 3980 400 4050 basileri
428 3982 589 4050 tubilormi
619 4002 675 4067 pro
706 4002 791 4052 more
820 3982 907 4050 brevi
937 3981 1116 4066 plerumque
1148 3983 1232 4048 arete
1262 3979 1426 4046 convoluti.

137 4087 262 4172 sperae
283 4087 443 4168 murae,
464 4087 567 4156 laeves
590 4088 640 4155 ael
662 4088 831 4157 sublaeves.
876 4085 1041 4154 Habitatio
1062 4084 1102 4154 ad
1123 4087 1249 4166 terram,
1271 4102 1375 4152 muros
1397 4087 1429 4151 et

140 4207 233 4262 saxa.

556 4329 634 4396 Soet.
657 4330 685 4396 I.
733 4329 1017 4396 Ottoronotae.

231 4461 823 4549 uomrsu‚1eavn,tenua,aosa
854 4467 980 4536 dimidio
1007 4466 1161 4551 superiore
1189 4464 1330 4532 aoerrulo
1356 4463 1428 4530 lila-

138 4571 286 4639 montoso
308 4569 558 4657 ebloropbylloso
579 4574 723 4656 obsessa,
753 4574 786 4642 in
815 4575 911 4662 pilum
940 4574 1098 4662 producta.
1142 4571 1257 4657 Sporae
1278 4571 1427 4652 minutae,

137 4674 227 4744 eirea
247 4673 324 4757 0,OE
339 4693 415 4746 mm.
437 4695 568 4762 erasme,
590 4678 705 4749 laeves.
836 4713 843 4726 x
