3388 5242
871 335 1014 418 Bnaoele.

778 575 861 656 deu.
897 575 1116 672 Amblpodon.

752 735 823 795 Pan
852 737 1001 798 Βιιυνοιε
1029 735 1140 796 emend.

396 859 473 930 Vide
495 866 608 933 caract.
631 863 792 932 Familiae.

729 1063 951 1135 Amblyodon
973 1065 1163 1123 dealbatus

738 1187 848 1261 Brynm
869 1187 1039 1246 dealbatum
1054 1187 1154 1246 niens.

395 1313 485 1382 Folia
506 1314 761 1402 ovato-oblongo·
781 1320 814 1384 et
836 1317 1191 1402 lingulato-lanooolata,
1213 1315 1343 1382 eomalia
1364 1313 1451 1398 apios
1468 1315 1595 1381 minuto

309 1421 438 1498 serrata,
460 1417 574 1501 pallide
587 1417 709 1500 viridia,
730 1421 834 1486 aetate
856 1421 1033 1501 albicantia,
1055 1421 1172 1488 inferne
1193 1419 1305 1502 pullide
1319 1419 1472 1498 rubentia,
1496 1417 1593 1482 sisoi-

308 1521 375 1586 tate
397 1522 493 1600 torta,
515 1523 602 1588 oosta
624 1522 693 1589 laxe
715 1523 800 1589 texta
822 1524 894 1590 ante
916 1523 1033 1607 apioem
1054 1523 1215 1603 dissoluta,
1237 1523 1417 1589 lutesoente.
1452 1519 1592 1603 Gapsnla

308 1624 341 1688 in
362 1621 509 1706 mdicollo
539 1624 633 1710 longo
661 1626 942 1714 oamoosiooitate
972 1645 1100 1711 superne
1126 1626 1336 1692 sinistrorsum
1358 1626 1444 1690 torto
1466 1627 1592 1690 erecto-

308 1743 430 1806 oerum,
452 1745 512 1794 una
534 1746 603 1794 oum
624 1727 703 1795 eollo
725 1728 818 1814 longo
840 1728 961 1813 turgido
982 1728 1323 1815 elongato-piriiormis,
1345 1727 1426 1794 sieoa
1448 1727 1591 1804 monam,
1680 1815 1681 1818 Ἴ

308 1829 423 1912 pallido
444 1829 597 1896 lutesoens
620 1832 721 1897 senior
742 1830 916 1916 ferruginea
937 1834 970 1898 et
991 1832 1116 1900 tandem
1135 1833 1289 1910 castanea,
1311 1829 1425 1897 mollis.
1470 1829 1592 1912 Sporae
1680 1819 1681 1860 l

309 1950 449 2016 magnae,
471 1933 757 2020 rulo-ferrugineus.
801 1935 906 2019 Bryol.
922 1954 986 2002 eur.
1003 1931 1318 2014 v0n1v,¹rab.³07.

310 2053 435 2138 Regum
456 2054 652 2134 deodatum
683 2055 818 2138 capsulis
850 2056 960 2123 orestis
992 2055 1187 2122 rubrotuudis
1218 2053 1410 2121 subincurvis
1440 2051 1590 2119 dentato-

416 2155 541 2237 oiliatis,
564 2157 647 2225 loliis
668 2157 849 2226 lanoeolntis
869 2159 970 2227 aoutis
993 2158 1178 2244 patentibus.
1209 2158 1317 2225 Drons.
1332 2155 1440 2242 crypt.
1457 2155 1589 2234 Paeo-2,

353 2369 453 2438 Hoou.
478 2371 511 2436 ot
532 2369 628 2436 Turn.
650 2369 752 2438 Musa.
774 2371 856 2438 Bria
879 2371 925 2438 ed.
949 2371 980 2438 2.

310 2487 430 2556 Moesia
461 2489 605 2556 paleato
633 2491 743 2556 Hunw.
780 2491 867 2574 Spes.
897 2491 997 2558 lineo.
1034 2509 1103 2558 sum
1141 2490 1225 2557 ioono
1261 2488 1350 2555 raldo
1386 2484 1587 2568 imperfecta!

416 2590 544 2658 swmnz
565 2591 663 2660 lineo.
687 2591 773 2662 Sues.
817 2594 908 2660 Bam.
932 2594 1038 2678 Bryol.
1067 2593 1151 2660 unis.
1195 2592 1287 2658 Wnn.
1310 2593 1343 2658 ot
1363 2590 1462 2657 nom
1485 2587 1522 2655 B.
1549 2589 1586 2654 Τ.

416 2693 590 2764 Wannuun.
611 2696 658 2762 lll.
681 2697 763 2782 lapp.
807 2698 857 2764 Da
878 2697 998 2764 Nonne.
1020 2697 1097 2781 Syll.
1120 2699 1153 2762 et
1166 2696 1248 2780 Epil.

309 2814 507 2900 Amdlyodorr
539 2815 702 2882 maroe
733 2815 811 2884 Pru.
841 2817 961 2883 Burrus.
995 2817 1015 2882 l
1038 2837 1065 2884 o.
1108 2816 1167 2882 Bu.
1189 2815 1222 2883 et
1242 2813 1315 2881 son.
1352 2810 1457 2896 Bryol
1479 2829 1585 2894 emop

415 2917 449 2986 0.
465 2917 600 2985 Muenna
622 2919 693 3004 Syn.
737 2920 863 2986 limus.
880 2920 992 2987 Skand.
1008 2920 1055 2988 ll.
1099 2918 1231 2986 Wnsou
1251 2917 1359 3002 Bryol.
1374 2916 1453 2982 Bria

395 3037 504 3104 Hadia
527 3037 560 3104 in
582 3037 743 3124 uliginosis
765 3039 910 3106 turfaoeie
932 3038 1068 3124 regionis
1090 3038 1289 3121 campestris,
1311 3038 1351 3104 ad
1373 3034 1586 3119 sealuriginea

307 3157 395 3208 soom
417 3139 543 3222 rivulos,
564 3140 598 3206 in
619 3141 702 3208 saxis
725 3142 810 3210 terra
824 3141 955 3209 noueris
970 3141 1103 3208 humidis
1119 3139 1254 3225 regionis
1269 3139 1390 3223 alpinae
1404 3157 1458 3221 per
1472 3155 1586 3204 aonam
1678 3145 1679 3150 ’

306 3243 521 3311 intermediam
542 3246 634 3328 atque
656 3245 928 3329 septentrionalem
950 3263 1019 3310 raro
1040 3245 1073 3310 in
1094 3243 1303 3311 meridionali:
1325 3243 1359 3308 in
1380 3241 1504 3308 Sootiae
1527 3239 1586 3305 el-

307 3347 406 3430 pibus,
428 3347 481 3414 ubi
500 3348 682 3416 Diolrsonius
703 3347 821 3433 primus
836 3349 930 3434 legit,
952 3348 1072 3433 eopiosa
1087 3347 1248 3415 observavi
1263 3365 1316 3430 per
1331 3347 1432 3411 totum
1446 3345 1587 3410 hautun

307 3449 435 3535 Alpium
456 3449 626 3532 Helvetiae,
648 3451 782 3536 Tyrolis,
804 3449 1025 3537 salisburgiae,
1047 3450 1181 3535 styriae,
1203 3467 1256 3532 per
1277 3447 1467 3532 Norvegiam
1490 3447 1586 3528 alque

309 3553 448 3621 Sueoiam
470 3572 487 3620 o
509 3553 633 3638 regions
648 3553 789 3622 inferiore
804 3573 898 3639 usquo
911 3553 944 3622 iu
958 3555 1054 3638 Alpes
1069 3553 1223 3634 editiores,
1244 3552 1401 3620 mrissime
1413 3551 1448 3616 in
1462 3567 1587 3616 summa

310 3659 477 3744 Hispaniae
508 3659 619 3723 Sierra
652 3659 798 3738 Naooda3
821 3658 1029 3743 copiosissime
1052 3658 1084 3724 in
1107 3677 1199 3725 arena
1222 3657 1382 3724 maritima
1402 3674 1449 3738 pr.
1473 3653 1586 3720 Soul-

303 3771 390 3850 port.
436 3763 461 3828 ll
484 3761 850 3848 Montibus-rupestribus
882 3764 922 3829 ad
951 3761 1176 3846 bric-factori]
1202 3761 1316 3828 loetum
1338 3759 1377 3824 ol.
1400 3757 1587 3824 Damonn

308 3865 406 3934 misit.

397 3970 506 4036 Feroci.
529 3975 644 4038 matur.
668 3971 798 4040 aestate.

397 4095 493 4158 Primo
516 4097 625 4160 intuitu
646 4099 773 4160 meam
793 4100 955 4178 solipinoeaa
976 4095 1093 4172 similis,
1123 4095 1200 4160 foliis
1222 4091 1340 4172 pallidis
1362 4091 1500 4154 mollibus
1521 4089 1587 4152 lare

307 4185 407 4256 tertis,
430 4185 550 4260 oapsula
573 4185 701 4246 molliore
723 4185 855 4262 longiore
878 4186 964 4246 facile
987 4189 1086 4247 tamen
1108 4183 1311 4260 distinguitur.

396 4287 494 4348 Flores
521 4289 641 4348 maseuli
671 4289 865 4350 subdisooidai
890 4289 976 4364 primi
1007 4307 1041 4350 ex
1071 4287 1308 4348 innovationibus
1329 4287 1494 4344 nascuntur
1517 4285 1589 4341 ete

308 4373 459 4450 perigonio
483 4375 672 4450 agrediuntur
694 4375 779 4435 flores
801 4373 916 4435 feminei
940 4378 970 4435 et
992 4374 1156 4434 bisexuales
1178 4368 1360 4433 brevioaules
1375 4371 1503 4430 fructum
1519 4383 1588 4442 pro·

308 4459 443 4520 ferentes.
488 4460 551 4520 Fila
580 4459 681 4521 brevia
712 4461 896 4536 reperiuntur
923 4461 954 4520 in
985 4461 1118 4522 loliorum
1141 4457 1294 4520 eumalium
1316 4457 1432 4526 axillis,
1461 4455 1588 4518 articula

307 4545 396 4622 longo
419 4545 575 4618 terminali,
598 4545 712 4621 illisque
735 4539 967 4623 Spectmrom
989 4549 1089 4608 exacte
1112 4545 1228 4606 similia.
