3388 5218
696 291 870 352 inmodestia.
1300 295 1419 356 mm

136 469 337 536 efformatum
351 472 410 548 est,
433 489 511 553 ques
526 471 565 536 ad
588 470 676 538 basin
699 473 847 555 usquein
869 471 1008 550 lacinias,
1032 473 1106 538 cilio
1128 471 1238 552 dictae,
1262 493 1316 558 pro
1339 493 1423 542 more

138 573 282 639 dentium
303 573 485 640 interstitiis
508 576 647 656 adversa,
669 576 769 642 diuma
792 579 855 654 retr
878 577 910 642 in
932 576 1003 642 aliis
1026 595 1042 642 e
1065 579 1246 644 membrana
1266 579 1425 664 effingitur

139 677 435 759 cambato-plicata,
469 695 547 760 quae
569 697 635 745 sese
656 679 690 743 in
712 679 860 758 laciniae,
893 681 1013 745 mdnas
1044 680 1255 748 continuantes
1282 681 1426 748 dentibus

139 781 355 864 interpositas,
373 803 603 876 processusque
624 783 733 866 dictas,
756 783 846 866 inque
861 783 914 848 fila
930 783 1081 862 solitaria,
1103 783 1151 848 bi·
1166 786 1198 850 et
1214 785 1336 852 terame
1351 785 1427 850 den·

140 883 226 948 tibus
250 886 409 966 opposita,
444 885 746 963 musculorumue,
777 886 930 964 dissolvit,
953 885 1033 968 quod
1055 885 1260 969 pulcherrime
1282 887 1314 952 in
1337 905 1426 972 genn

142 988 252 1072 Brpo,
287 989 376 1053 binio
386 1037 397 1072 ,
420 988 540 1074 Hypso
563 1008 588 1054 e.
611 1007 639 1054 a.
662 990 858 1072 conspicitur.
904 990 940 1053 In
965 989 1129 1054 Ciccldltis
1152 991 1330 1057 membrana
1351 991 1427 1056 baec

140 1093 282 1158 larinate
315 1093 436 1158 tholum
467 1093 599 1158 sedecies
627 1093 967 1178 cariseio-angulosum
990 1092 1147 1177 capsulam
1170 1093 1304 1176 operculi
1327 1093 1426 1160 iusim

140 1195 335 1262 claudentem
357 1195 509 1262 efformet.
554 1197 591 1260 In
614 1195 865 1278 Fontinclcceis,
894 1195 1074 1278 praeprimis
1097 1195 1128 1262 in
1152 1197 1190 1262 F.
1213 1199 1425 1283 antipyretr'ce

140 1301 173 1364 et
195 1319 384 1383 squamosa,
408 1300 586 1364 membrana
607 1298 777 1380 peristomii
800 1299 913 1365 interni
935 1299 966 1364 in
988 1317 1098 1365 conum
1121 1300 1425 1384 cariuato-plicatum
1485 1364 1491 1376 ,

140 1401 373 1485 elegantissime
394 1403 769 1468 reticulato-tessellatum
792 1403 1159 1486 sanguineo-purpureum
1181 1403 1327 1486 procedit.
1365 1403 1424 1470 Ni·

141 1505 202 1570 mis
224 1506 352 1590 longum
375 1508 466 1587 atquc
489 1505 682 1572 fastidiosum
705 1509 786 1572 esset
808 1507 835 1570 si
856 1507 894 1571 dc
915 1505 1085 1588 peristomii
1108 1505 1220 1572 interni
1237 1509 1424 1573 1111111111-

140 1607 221 1672 rosis
245 1607 467 1673 variationibus
489 1607 638 1673 disserere
660 1609 843 1688 uoluimem,
874 1627 966 1690 eoque
989 1609 1088 1692 magis
1111 1627 1203 1691 quam
1225 1610 1339 1676 formas
1361 1609 1424 1676 sin·

140 1711 231 1794 gulas
265 1713 357 1793 atque
379 1729 485 1776 earum
509 1711 752 1778 modificationes
785 1711 816 1776 in
849 1731 994 1796 generum
1025 1712 1254 1795 specierumque
1282 1713 1424 1798 diagnosi

139 1816 280 1882 exactius
301 1833 449 1898 exponere
473 1815 663 1880 studebimus
685 1815 776 1900 (Vide
799 1815 851 1881 W.
874 1815 934 1880 Pe.
958 1815 1030 1881 Son.
1054 1816 1171 1896 icones,
1195 1815 1271 1880 usu.
1295 1814 1367 1900 IX).

483 1996 509 2066 §-
533 1997 562 2052 9.
600 1995 641 2055 De
665 1995 826 2069 peristomii
849 1995 944 2069 prima
968 1994 1090 2070 origine.

234 2142 394 2210 Nonnulla
415 2143 452 2210 de
474 2144 637 2225 utriusque
660 2143 831 2225 peristomii
853 2143 971 2227 origine
991 2143 1118 2210 dicenda
1141 2143 1311 2226 supersunt

229 2245 452 2312 Peristomium
475 2247 633 2312 externum
655 2267 672 2311 e
695 2247 838 2312 contextu
862 2246 1019 2325 calluisse,
1044 2247 1145 2312 strata
1159 2246 1338 2312 cellularum
1352 2263 1426 2327 cap·

140 2351 245 2415 sulam
267 2351 352 2414 intus
374 2349 541 2414 vestientis
563 2350 595 2413 iu
617 2349 792 2432 operculum
815 2351 1029 2428 continuante,
1052 2349 1145 2427 oriri,
1168 2367 1261 2432 supra
1283 2347 1424 2414 diximus.

141 2453 168 2517 ll
191 2453 302 2518 stratis
325 2453 375 2517 bis
397 2453 457 2517 duo
480 2452 552 2517 sunt
568 2452 789 2533 peristomialia
811 2453 851 2530 (si
866 2453 912 2518 ita
926 2451 1027 2516 dicere
1043 2451 1130 2516 uenia
1144 2451 1257 2533 detur),
1280 2450 1425 2519 cellulae·

140 2573 203 2638 que
224 2574 241 2619 e
265 2554 373 2636 quibus
406 2555 586 2619 efformatus
614 2557 663 2619 tot
692 2555 786 2620 series
810 2554 926 2619 sbtunt
948 2557 1023 2635 quot
1045 2554 1152 2620 dentes
1175 2554 1329 2636 simplices
1353 2556 1446 2621 sunt.

140 2659 316 2741 effingendi.
360 2658 432 2724 Non
453 2676 558 2724 omnes
582 2658 690 2723 barum
712 2658 892 2724 cellularum
915 2675 1077 2741 compages
1106 2657 1145 2722 ad
1167 2656 1338 2739 peristomii
1360 2657 1423 2724 ior·

140 2763 312 2828 mationem
333 2761 541 2827 contribuunt.
586 2761 713 2838 Revera,
737 2761 764 2826 si
786 2761 895 2826 dentes
917 2763 1059 2827 accurate
1081 2759 1245 2841 inspicies,
1263 2767 1286 2826 'e
1307 2759 1424 2828 lamina

141 2865 258 2947 duplici
281 2865 380 2930 solida
402 2863 603 2930 transversim
634 2865 789 2946 septetum
819 2864 969 2929 formatas
992 2863 1146 2942 inuenies,
1169 2865 1201 2927 et
1224 2862 1251 2927 ei
1273 2863 1424 2948 originem

141 2967 240 3050 ipsius
262 2967 397 3032 laminae
412 2968 510 3048 petas,
534 2985 602 3032 mm
625 2969 660 3030 in
682 2966 862 3032 cellularum
886 2968 963 3032 serie
986 2985 1078 3048 supra
1101 2965 1227 3032 budata
1250 2984 1304 3032 nec
1325 2968 1365 3032 ab
1388 2985 1424 3034 ea

142 3073 243 3137 ortam
267 3069 396 3147 videbis,
419 3071 512 3152 atque
535 3087 713 3152 persuasum
738 3069 797 3136 tibi
820 3068 889 3148 exit,
912 3069 1126 3151 peristomium
1147 3067 1229 3133 nibil
1250 3068 1424 3136 aliudesse

142 3175 203 3238 nisi
235 3175 404 3238 stratorum
435 3171 692 3254 peristomialium
724 3189 887 3256 compages
918 3171 1079 3236 verticales
1102 3169 1262 3255 contiguas
1294 3170 1426 3256 (externi

142 3278 267 3342 interna
281 3275 455 3357 internique
469 3277 608 3357 externa)
625 3275 822 3358 incrassatas,
839 3273 1038 3340 solidilicatas
1053 3275 1080 3339 *.
1120 3273 1219 3354 Solos,
1241 3273 1280 3339 ad
1301 3275 1425 3344 modum

143 3381 327 3448 oellularum
349 3378 515 3445 cuticulam
539 3379 716 3460 plantarum
740 3378 954 3460 perfectiorum
987 3377 1203 3456 efficientium,
1239 3378 1426 3445 incrassatos

143 3485 278 3567 parietes
302 3484 439 3549 residuos
462 3483 613 3565 reperies,
643 3487 779 3549 caeteros
810 3503 914 3548 omnes
944 3485 1053 3548 contre
1075 3481 1250 3548 destructos
1273 3484 1365 3566 atque
1387 3483 1426 3548 ad

142 3587 358 3670 peristomium
381 3586 604 3653 fortificandum
628 3589 834 3668 consumptos.
879 3583 1057 3652 Substantia
1090 3604 1149 3667 qua
1182 3603 1344 3670 compages
1367 3585 1426 3651 bes

141 3694 338 3758 crassescunt
360 3691 409 3755 vel
433 3693 534 3756 totum
557 3690 685 3756 cellulae
708 3689 928 3772 peristomialis
943 3688 1091 3774 parietem
1108 3687 1221 3768 obruit,
1242 3689 1292 3753 vel
1307 3689 1426 3771 partem

140 3795 209 3878 ejus
232 3794 377 3872 mediam,
399 3793 479 3858 unde
501 3795 608 3860 dentes
630 3794 823 3877 angustiores
845 3791 1034 3868 efficiuntur3
1058 3789 1138 3856 baud
1161 3808 1230 3856 raro
1244 3789 1320 3856 duae
1335 3789 1428 3857 lami·

141 3917 201 3964 nse
231 3897 265 3961 in
295 3897 396 3962 medio
418 3895 538 3978 pariete
562 3899 722 3978 separatae
744 3895 937 3979 (Borbrdoc)
966 3896 1057 3976 atque
1089 3893 1214 3960 laminis
1247 3893 1427 3959 cellularum
1543 3955 1556 3979 ,

141 3999 323 4066 ricinmium
355 4001 521 4082 contiguae
548 3998 785 4082 conspiciuntur.
831 3999 906 4064 Cum
929 3997 1063 4080 parietes
1086 3996 1292 4062 horizontales
1315 4017 1427 4084 augen-

141 4108 206 4181 tur,
228 4105 336 4169 dsntes
353 4103 540 4169 trabeculati
557 4102 606 4167 uel
621 4103 773 4169 lamellati
790 4105 839 4186 (ut
854 4101 892 4166 ad
907 4102 991 4166 latus
1007 4100 1135 4166 interius
1151 4100 1234 4166 dent.
1252 4101 1427 4186 Brporum)

139 4209 292 4282 eradunt;
314 4225 382 4272 cum
399 4205 555 4284 recedunt,
580 4207 618 4272 ad
640 4206 871 4272 articulationes
895 4203 1064 4282 constricti,
1088 4201 1210 4268 monilis
1232 4204 1363 4270 formam
1379 4203 1428 4269 in-

139 4314 252 4380 duunt.
298 4311 445 4376 laminae
475 4311 627 4393 angustae
658 4311 836 4393 plerumque
869 4310 1078 4374 intumescunt
1100 4306 1192 4389 atque
1214 4307 1426 4386 retundantur,

139 4417 223 4484 unde
246 4415 354 4480 dentes
378 4413 538 4480 fililormes
562 4414 703 4479 oriuntur
725 4413 912 4495 (Barbatus,
935 4413 1158 4494 Resoluitria).

140 4555 355 4568 ...-.-.-·----

231 4622 246 4652 ’
270 4619 333 4676 lid.
351 4619 429 4690 plura
447 4619 480 4673 de
498 4619 548 4674 hoc
567 4619 594 4673 ln
613 4621 758 4686 Summers,
776 4620 941 4676 Recbercbee
959 4615 1089 4692 morphol.
1108 4616 1266 4684 Strassburg
1285 4613 1362 4672 1841.

194 4715 329 4768 demit,
342 4713 459 4770 anoprls.
479 4715 522 4758 Ed.
531 4715 566 4764 Π.
1217 4721 1236 4771 (2
