3374 5250
276 334 341 402 594
829 329 1000 388 neum

277 511 462 578 Icotbecum
485 511 680 596 apicularum
701 508 789 575 caule
819 507 1000 574 ascendente
1027 525 1117 591 parca
1146 525 1284 584 ramoso,
1316 506 1412 572 ramis
1442 505 1555 571 creetis

385 614 575 699 simplicibus
597 612 816 692 teretiusculis,
840 611 921 678 loliis
940 613 1009 678 laxe
1023 612 1196 678 imbricatis
1211 610 1461 696 patenti-erectis
1483 629 1555 674 seu-

384 717 617 786 tricoso·ovatis
647 715 1031 800 piliiormi·acuminulatis
1061 715 1271 800 integerrimis
1302 715 1383 780 laete
1406 715 1555 780 nntium

388 873 395 888 .
420 873 428 888 .
453 873 461 888 .
486 873 493 888 .
516 823 672 888 Husuurn
693 819 825 886 Muscol.
848 839 945 905 germ.
968 838 998 904 p.
1021 817 1095 886 598.

276 927 432 1013 Hypacm
454 927 650 1012 apicularum
672 926 813 990 Tnacau.
836 924 934 991 Musa.
958 924 1045 991 Suec.
1068 926 1176 990 exsicc.
1221 923 1347 988 cmm.
1369 922 1486 990 Skand.
1507 922 1554 987 ll.

361 1049 472 1116 Habit.
502 1048 612 1120 iisdem
641 1047 717 1114 locis
751 1066 844 1130 quam
872 1046 1055 1130 praecedens
1077 1047 1108 1112 et
1130 1045 1162 1110 in
1185 1045 1310 1129 regions
1331 1045 1491 1120 inleriorm
1524 1044 1554 1108 in

275 1154 357 1239 Alpe
379 1155 566 1240 Douresjeld
592 1152 766 1236 Norregiae
797 1151 875 1217 satis
906 1151 1092 1229 communis,
1123 1149 1155 1215 iu
1186 1150 1392 1234 Hcrjedulioc
1425 1148 1555 1230 Alpibus

274 1268 458 1333 'scansurus
479 1265 600 1350 copiose
621 1284 692 1331 cum
713 1264 865 1332 fructibus
888 1263 975 1350 legit,
998 1281 1091 1346 prope
1105 1261 1312 1340 llouachium,
1335 1263 1368 1327 in
1382 1261 1510 1347 Tyrolis
1523 1264 1555 1326 et
1679 1311 1680 1328 ,

274 1371 437 1439 Helvetiae
459 1369 591 1454 Alpibus
615 1367 753 1436 sterilem
776 1369 947 1435 observavi.

363 1473 473 1541 mae.
495 1480 612 1540 matur.
636 1471 766 1541 nsua.

360 1584 402 1645 Μ.
420 1583 575 1664 wopam
596 1586 721 1655 summ,
743 1599 819 1658 quae
834 1583 864 1642 in
879 1581 1027 1642 montibus
1043 1581 1296 1658 Norae-Angliae,
1318 1579 1555 1656 Pennsylranias

275 1675 305 1735 et
326 1673 477 1734 carolinae
500 1675 574 1747 sept.
597 1671 742 1747 provenit,
765 1669 863 1732 differt
886 1687 903 1732 a
926 1670 1077 1744 speciebus
1099 1669 1208 1729 nostris
1231 1668 1384 1744 europaeis
1407 1668 1488 1728 loliis
1503 1685 1554 1726 an·

273 1761 456 1837 gustioribus
484 1759 659 1820 acuminatis
681 1757 1001 1831 filiformi-apiculatis,
1034 1755 1115 1830 apice
1138 1756 1319 1826 subcinctis,
1350 1757 1438 1816 clorso
1462 1755 1554 1831 magis

211 1855 216 1864 '
274 1847 440 1923 pupillosis,
463 1849 493 1908 et
516 1846 652 1907 convenit
674 1863 739 1905 cum
761 1861 867 1920 genero
891 1843 1109 1904 characteribus
1132 1843 1257 1903 cacteris
1279 1844 1424 1902 omnibus.

756 2027 835 2106 (lem
863 2030 894 2105 2.
932 2027 1073 2108 Lesksa

744 2155 847 2216 llanw.
875 2156 967 2215 nune.
991 2157 1083 2215 Musc.

312 2327 315 2334 .
362 2287 468 2358 Gauiis
490 2287 656 2372 primarius
679 2305 786 2370 repens
808 2287 946 2366 foliosus,
969 2305 1048 2371 uage
1069 2287 1196 2366 divisus,
1221 2285 1349 2354 ramulis
1371 2289 1485 2356 crectis
1508 2287 1552 2352 rel

274 2393 402 2478 patulis,
424 2412 442 2458 e
463 2393 559 2460 ramis
581 2389 850 2476 procumbentibus
871 2411 928 2458 nec
950 2411 966 2456 o
989 2390 1160 2458 stolonibus
1183 2392 1341 2459 innovans.
1380 2391 1471 2458 Folia
1484 2413 1553 2458 rsu-

274 2498 340 2566 lina
362 2500 395 2566 ct
416 2497 569 2565 ramulina
601 2496 732 2576 similia,
765 2497 1066 2572 ovato-lanceolata,
1099 2495 1230 2580 undique
1260 2497 1421 2580 patentia,
1457 2497 1554 2563 rarius

276 2603 419 2683 secunda,
441 2602 558 2682 mollia,
580 2603 711 2685 utraque
732 2599 846 2686 pagiua
868 2599 1039 2685 pupillum,
1062 2600 1194 2666 costata
1239 2600 1345 2666 Floras
1368 2601 1502 2666 monoici
1523 2603 1553 2665 ct

274 2704 374 2773 dioici.
420 2703 554 2788 capsula
575 2704 725 2789 oblongo·
745 2705 778 2769 et
800 2701 1165 2787 elongato-cylindrum,
1189 2705 1274 2770 recta
1291 2703 1340 2768 vel
1357 2703 1553 2780 subarcuats,

275 2811 453 2894 plerumque
474 2807 673 2893 leptoderma.
711 2805 848 2873 Habitat
867 2806 906 2878 ad
928 2808 1073 2872 arborum
1097 2809 1222 2872 tnrncos
1244 2809 1276 2872 ot
1296 2807 1336 2874 ad
1359 2827 1446 2874 sara.

361 2913 482 2980 Nomen
504 2913 536 2978 in
558 2913 705 2979 bonorem
726 2909 801 2978 clar.
825 2909 945 2992 Lusca,
969 2909 1155 2977 Professoris
1178 2911 1344 2994 lipsiensis,
1368 2911 1554 2978 institutum.

276 3035 395 3103 haten
415 3035 526 3102 Hacw.
558 3033 740 3100 Scnwaaoc
785 3031 875 3098 Bam.
899 3049 924 3098 e.
947 3050 975 3097 a.
998 3031 1150 3098 emendat.
1177 3031 1333 3118 Hypatam
1356 3031 1390 3098 Ο.
1408 3033 1553 3098 licam

706 3191 734 3247 1.
762 3187 895 3248 Leukoe
914 3189 1119 3258 polycarpe.

762 3301 857 3362 Em.
881 3301 981 3378 Orypt.
1004 3317 1062 3361 ers.

362 3425 440 3491 Late
461 3423 808 3507 intricato-cccspitans,
831 3423 982 3506 caespites
1005 3423 1085 3489 laete
1108 3421 1156 3489 vel
1180 3422 1301 3489 sordide
1317 3423 1443 3490 unies.
1474 3423 1555 3492 Cau·

275 3527 316 3594 lis
336 3528 426 3612 longe
449 3547 612 3611 prorepens
635 3528 704 3610 plus
726 3527 867 3593 minusve
888 3527 1015 3606 diuisus,
1039 3527 1153 3606 mollis,
1177 3527 1289 3592 ramuli
1305 3527 1412 3606 erecti,
1435 3529 1555 3596 brevio-

274 3650 324 3698 res
346 3633 379 3697 et
400 3630 563 3715 longiores.
608 3632 697 3697 Folia
717 3632 825 3716 patula
847 3632 896 3698 vel
913 3632 1112 3710 subsecunda,
1134 3632 1199 3698 late
1214 3635 1246 3699 et
1261 3633 1555 3706 orato-lanceolata.

274 3751 425 3814 concava,
456 3736 571 3801 interne
594 3735 734 3819 margine
755 3753 900 3812 recurva,
934 3739 1020 3802 costa
1054 3736 1112 3802 sub
1134 3736 1220 3818 apice
1242 3735 1370 3803 evanida
1393 3737 1554 3804 instructa

274 3837 381 3904 Illores
403 3839 543 3904 monoioi.
574 3837 706 3922 Capsula
728 3839 859 3924 anguste
880 3839 1013 3926 oblonga
1034 3841 1066 3906 et
1087 3839 1455 3927 elongato-cylindracea
1477 3843 1555 3910 leni·

274 3945 324 4010 tor
345 3943 487 4022 mecam,
516 3941 598 4009 sicca
627 3942 684 4009 sub
715 3960 768 4009 ore
797 3941 939 4010 aurantio
969 3944 1154 4024 constricta,
1182 3945 1393 4028 leptoierma,
1426 3947 1554 4022 luteola,

275 4045 416 4129 operculo
438 4048 569 4131 anguste
592 4045 706 4112 couico.
752 4047 895 4113 Annulus
918 4051 1080 4134 angustus.
1125 4047 1304 4114 Peristomii
1326 4049 1437 4116 dentes
1459 4051 1554 4134 longi,

275 4147 570 4228 lineali-lanceolati,
593 4148 734 4216 siccitate
748 4149 1035 4232 depresso-incurvi,
1058 4149 1243 4227 albicantem
1264 4149 1380 4218 interni
1396 4171 1554 4236 processus

274 4250 416 4318 dentibus
439 4251 630 4336 aequilongi,
659 4254 790 4338 anguste
812 4252 1087 4332 buculi-subulati,
1115 4253 1250 4340 integri,
1273 4255 1403 4339 hyaliui.
1449 4257 1553 4342 Brpol.

274 4352 676 4432 mwffimm

275 4461 395 4530 wlco
407 4460 595 4545 polycarpo,
618 4459 704 4526 caule
726 4461 758 4526 et
780 4460 909 4526 surculis
932 4460 1183 4528 decumbentibus
1199 4461 1397 4529 liliiormibus
1412 4465 1553 4539 ramosis,

383 4562 466 4631 loliis
489 4561 643 4647 oppressis
666 4563 819 4642 nervosis,
851 4564 985 4650 capsulis
1020 4565 1141 4632 erectis
1187 4565 1290 4632 linum
1313 4565 1422 4650 crypt
1447 4567 1553 4634 unies.
1677 4609 1678 4620 2

383 4667 443 4734 No.
466 4663 519 4733 96.
