3182 5252
565 323 762 400 spargerem
1235 328 1299 397 833

34 502 171 570 formato.
215 503 304 570 Folia
325 502 444 570 caulim
460 503 606 582 conferta,
630 504 751 584 reflexa,
774 503 836 570 late
851 502 1012 588 lingulata,
1034 504 1119 589 apice
1134 503 1197 572 late
1212 508 1301 573 trun·

20 607 97 671 'cato
121 607 289 686 fimbriata,
313 608 351 673 ad
373 608 502 692 angulos
524 609 766 691 appendiculata,
789 607 908 673 cellulis
930 607 1111 676 basilaribus
1133 609 1301 676 minoribus

32 711 279 794 sexangularibus
300 713 528 794 homomorphis
550 711 706 778 dseriatis
728 711 940 789 luteo-buseio,
970 713 1099 778 amieria
1122 712 1301 797 dimorphis,

30 815 171 898 byalinis‚
194 815 384 882 inferioribus
399 816 550 902 elongatis
567 817 708 902 angustis
730 819 899 899 interrupte
920 816 1041 882 fibroais
1064 836 1169 884 versus
1185 819 1301 903 margi-

30 938 97 984 nem
122 920 237 986 eensim
260 921 507 1004 angustioribm,
530 923 736 1005 superioribus
759 921 857 988 multo
879 920 1041 987 latioribus
1063 922 1112 987 bi·
1133 924 1166 990 et
1187 923 1301 1006 tripar-

29 1023 111 1100 titis,
134 1022 201 1089 sine
224 1023 309 1090 tibris
332 1027 364 1090 et
386 1025 484 1108 poris,
507 1025 589 1092 inter
610 1025 736 1092 cellulas
759 1027 907 1110 angustas
928 1025 1086 1092 inferiores
1109 1027 1166 1092 sub
1187 1027 1300 1112 angulo

28 1129 113 1191 acuto
128 1129 376 1205 decurrentibus;
399 1131 667 1212 appendiculamm
683 1130 809 1196 cellulae
824 1131 993 1214 superiores
1008 1133 1168 1198 truncatae
1182 1133 1299 1214 partim

27 1231 178 1310 fibrosae,
212 1250 286 1314 poro
318 1253 377 1298 ono
409 1235 545 1300 alterove
576 1235 756 1317 perforatae.
801 1235 888 1300 Folia
911 1235 1061 1300 ramulina
1083 1253 1299 1317 nonnunquam

26 1336 171 1401 distincte
193 1335 404 1419 quinquefarie
424 1338 598 1416 imbricata,
621 1337 756 1404 seriebus
779 1339 936 1421 spiraliter
958 1338 1133 1421 obliquatis,
1157 1357 1193 1404 ex
1208 1341 1299 1405 ovato

25 1439 359 1524 oblongo-lanceolata,
383 1460 501 1508 summo
523 1444 609 1526 apice
631 1443 777 1520 dentata,
800 1460 946 1520 concava,
969 1441 1111 1521 nitentia,
1132 1442 1228 1509 limbo
1251 1443 1299 1507 in-

26 1544 106 1610 ferne
122 1545 287 1624 latissimo,
310 1566 437 1630 superne
457 1548 571 1614 sensim
592 1548 779 1631 angustiore,
802 1546 920 1612 cellulis
943 1547 1077 1630 hyaliuis
1101 1547 1138 1612 ad
1161 1546 1228 1612 folii
1250 1547 1299 1612 la·

26 1649 74 1712 tus
97 1651 253 1715 internum
276 1650 365 1716 valde
388 1652 529 1716 convexis
561 1650 710 1718 viridibus
743 1651 830 1716 extus
859 1650 941 1716 baud
974 1651 1087 1730 tectis,
1116 1644 1199 1732 poris'
1226 1670 1299 1733 par·

26 1751 161 1818 valisin
187 1755 275 1836 parte
309 1755 463 1836 superiore
494 1757 634 1838 copiosis.
679 1755 862 1822 Aetheridia
884 1757 964 1822 inter
986 1755 1059 1821 folia
1082 1754 1299 1820 remotiuscula

24 1856 214 1923 ramulorum
235 1858 431 1936 dolenorum,
465 1861 564 1925 nanus
587 1879 692 1926 versus
715 1861 941 1926 extremitatem
969 1861 1160 1944 patulorum,
1191 1879 1297 1942 parum

23 1981 196 2028 numerosa.
231 1963 417 2029 Perichaetii
440 1966 544 2048 magni
568 1965 668 2030 inflati
692 1964 764 2030 folia
786 1967 915 2044 tenacia,
939 1965 1130 2044 latescentia,
1153 1964 1298 2030 inferiora

22 2065 325 2151 elongatooblouga,
348 2068 449 2134 media
471 2071 503 2135 et
525 2071 681 2152 superiora
703 2071 767 2135 late
790 2069 1078 2153 obovato-oblooga,
1102 2069 1186 2151 apice
1209 2073 1296 2133 trun-

22 2171 91 2236 cato
114 2170 401 2250 lacero-fimbriata,
424 2173 490 2239 basi
512 2173 692 2240 fuscolutea
715 2175 890 2239 transverse
904 2172 1064 2249 undulata,
1087 2173 1198 2238 intima
1214 2172 1296 2239 elon·

22 2277 107 2357 gata,
130 2275 231 2341 multo
253 2277 433 2360 angustiora
455 2277 575 2360 oblique
596 2278 774 2354 convoluta3
797 2277 873 2343 retis
894 2277 1046 2342 inferioris
1068 2275 1198 2342 cellulae
1213 2275 1296 2340 basi-

22 2379 102 2445 lares
125 2381 271 2462 parvulae
293 2381 529 2463 homomorphae
552 2381 772 2460 fusco-luteae,
803 2383 960 2463 sequentes
992 2381 1153 2464 elongatae
1184 2379 1296 2446 latios-

21 2485 106 2552 culae
122 2485 266 2569 hyalinae
282 2503 428 2567 aporosee
444 2487 474 2551 et
490 2487 569 2551 baud
584 2486 723 2564 bonosae,
747 2486 917 2568 superiores
941 2486 1034 2562 latae,
1057 2484 1104 2549 bis
1127 2486 1213 2549 terve
1228 2503 1294 2565 sep

21 2591 114 2654 lotae.
147 2587 282 2673 Capsula
302 2590 335 2653 in
357 2589 560 2672 pseudopodio
582 2591 782 2656 crassiusonlo
804 2589 897 2668 elata,
922 2589 1002 2654 sicca
1016 2588 1228 2671 deopercuiata
1245 2607 1296 2652 or·

20 2692 161 2770 reolata,
200 2692 317 2772 solida,
356 2694 498 2760 bruunea.
542 2693 655 2776 Sporae
690 2694 800 2760 luteae.
854 2694 981 2760 Scarus.
1013 2693 1150 2778 Monogr.
1189 2712 1217 2775 p.
1242 2691 1294 2771 67,

20 2795 96 2862 Tab.
120 2797 174 2862 25.

108 2916 225 2982 Planta
247 2917 484 3000 speciosissima,
506 2919 539 2983 iu
561 2917 704 2982 honorem
727 2917 891 2984 detectoris
914 2917 945 2984 S.
961 2917 997 2984 0.
1020 2917 1179 2983 Lrnnnnao
1203 2918 1294 2982 deuo·

18 3024 152 3088 minata.

109 3125 219 3190 Hobit.
242 3123 274 3189 in
296 3125 450 3207 paludosis
474 3125 513 3191 ad
535 3125 618 3191 bons
643 3125 835 3209 Betaetjaur,
859 3123 1039 3208 Slrdtijaor
1054 3125 1091 3189 'et
1114 3124 1293 3190 Storooovi-

17 3231 77 3295 len
101 3229 275 3311 Lapponiae
298 3231 438 3312 pitensis,
461 3231 511 3295 ubi
533 3228 756 3307 ol.L1uneuno‚
779 3229 895 3312 primus
916 3229 949 3293 in
971 3226 1184 3305 Soandiuavia,
1206 3227 1293 3294 lulio

20 3333 107 3400 1856
130 3333 263 3413 detexit,
298 3315 390 3416 prope
413 3333 562 3418 byokaele
582 3331 757 3415 Lapponiae
779 3331 907 3397 lulensis
930 3330 969 3396 cl.
990 3331 1163 3396 Anosnaou
1184 3331 1293 3397 dehinc

18 3438 223 3520 pulcherrime
244 3438 322 3522 legit
344 3441 436 3520 atque
458 3438 554 3503 amice
577 3438 653 3502 mihi
675 3436 920 3515 communicarit,
942 3433 1111 3500 insudetis
1133 3435 1173 3500 ad
1194 3435 1293 3501 liciae

21 3543 115 3608 Teicb
137 3542 177 3608 cl.
201 3542 365 3609 Sennrnan
389 3541 455 3625 jam
486 3559 564 3608 anno
589 3539 671 3606 1843
694 3541 772 3624 legit
794 3539 846 3604 sed
868 3537 948 3604 haud
970 3556 1025 3620 pro
1047 3537 1147 3620 specie
1168 3539 1292 3622 propria

17 3647 196 3731 recognovit
219 3647 251 3711 et
274 3647 371 3712 serius
394 3646 467 3710 clar.
491 3644 596 3710 Maon
618 3646 728 3710 iterum
750 3645 873 3725 reperit.
912 3641 937 3708 li
961 3640 1084 3728 Canada
1108 3642 1289 3708 Daunuonn

16 3751 123 3829 misit;
146 3769 162 3817 e
184 3748 389 3818 (iroeulaudia
410 3751 442 3814 et
463 3768 479 3815 e
501 3749 693 3816 'lema-nora
716 3749 822 3814 babeo.

109 3853 216 3920 Fruct.
240 3861 356 3920 matur.
379 3853 473 3921 Julio.

106 3967 217 4028 Formis
246 3967 405 4042 majoribus
435 3966 647 4027 robustioribus
685 3965 816 4042 Spbopni
849 3967 962 4024 recurvi
998 3966 1059 4023 tam
1095 3979 1149 4038 pro
1186 3961 1289 4022 habitu

17 4071 106 4128 quani
137 4072 189 4129 pro
221 4055 314 4114 colore
345 4055 429 4113 hand*
456 4053 609 4124 dissimile,
640 4053 833 4128 distinguitur
859 4055 956 4111 autern
978 4051 1070 4125 primo
1100 4051 1165 4108 visu
1195 4067 1290 4109 rannu-

17 4141 111 4200 lorum
134 4141 282 4202 fasciculis
305 4141 422 4200 densius
445 4141 582 4202 confertis
604 4141 800 4216 longioribus,
832 4139 909 4198 foliis
931 4137 1114 4198 solidioribus
1135 4136 1290 4197 latioribus

17 4229 150 4288 siccitate
173 4229 335 4288 immutatis
358 4229 468 4288 nitidis.
499 4229 621 4288 Plantae
644 4227 761 4302 saepius
784 4227 899 4287 omnino
915 4224 1203 4300 fusco-ferrugineae,
1227 4225 1290 4299 pal·

16 4317 76 4374 lide
95 4315 362 4392 viridi-variegatae
378 4316 571 4391 reperiuntur.
600 4315 681 4374 Folia
704 4315 820 4374 caulius
834 4315 940 4374 redere
954 4313 1014 4372 lato
1030 4311 1183 4386 lingulam,
1208 4311 1289 4386 apice

16 4403 79 4462 late
103 4406 239 4464 truncata
261 4403 464 4463 subfimbriata
495 4403 568 4462 satis
597 4419 737 4477 superque
771 4401 889 4462 abillis
912 4399 1017 4476 speciei
1040 4417 1128 4473 snpra
1150 4398 1289 4458 laudatae

18 4491 183 4567 divergunt.
228 4491 368 4565 Capsulae
391 4507 557 4550 numerosas
580 4507 693 4564 semper
715 4489 743 4548 in
768 4488 896 4564 capitulo
912 4505 1009 4546 crasso
1026 4489 1204 4561 aggregatas
1221 4485 1289 4545 ridi.

17 4577 203 4656 Archogonia
225 4578 391 4653 pleramque
413 4578 546 4638 solitaria
567 4579 645 4648 sunt,
667 4577 820 4652 perigynia
842 4594 858 4635 e
880 4575 957 4635 foliis
980 4573 1141 4634 convolutis
1164 4573 1289 4632 formata

17 4665 130 4725 leniter
143 4667 307 4726 incurvata.

71 4771 199 4824 &nullm
214 4771 328 4824 Ssuopalr.
355 4771 396 4813 Ed.
411 4771 445 4812 11.
1044 4755 1078 4811 53
