3268 5218
527 1427 906 1578 Bryinac.

164 1819 293 1887 Plantae
309 1821 473 1887 cellulares
484 1827 701 1907 praenarrata
716 1820 854 1886 filiiormi
869 1821 1090 1906 germinantes,
1112 1823 1200 1888 caule
1221 1823 1356 1889 instrue·

79 1927 130 1990 tae
150 1926 252 2004 iered,
275 1945 349 1992 raro
372 1926 496 2010 trigono
518 1926 568 1992 vel
590 1927 832 2008 subcompresso,
854 1925 991 1992 breviore
1013 1925 1063 1991 uel
1085 1925 1232 2012 longiore,
1255 1927 1356 1992 erecto

76 2047 129 2094 sen
150 2031 329 2112 praetento,
360 2048 378 2094 e
405 2029 528 2095 cellulis
555 2029 708 2114 elongatis
735 2029 856 2112 saepius
883 2029 922 2094 ad
944 2027 1148 2111 peripheriam
1169 2030 1357 2114 sublignosis

74 2135 252 2212 efformato,
284 2135 452 2200 radicibus
474 2134 672 2216 capillaribas
693 2133 842 2212 ramosis,
867 2133 950 2217 folia
972 2135 1103 2200 ferentes
1124 2134 1357 2202 horizontaliter

68 2239 199 2316 issem,
223 2239 393 2304 secundum
415 2238 536 2304 ordines
563 2237 612 2321 ¹l²=
635 2239 685 2317 ²1³,
711 2235 762 2319 ³1⁵,
787 2237 839 2318 ⁵la,
864 2236 920 2319 ⁸i¹³
937 2241 995 2306 etc.
1017 2239 1215 2318 alternantia,
1237 2239 1359 2323 simpli·

68 2345 129 2421 cia,
151 2363 170 2409 e
192 2343 322 2427 singulo
344 2345 444 2408 strato
466 2342 657 2422 cellularum,
680 2343 837 2410 rarissime
858 2363 876 2412 e
897 2343 1017 2427 duplice
1028 2345 1079 2411 vel
1094 2344 1225 2428 triplice,
1246 2343 1357 2430 effigu-

73 2450 153 2524 rala,
174 2447 266 2513 costa
283 2447 418 2512 mediam
432 2447 578 2531 paginam
593 2449 718 2514 tenente
732 2447 886 2514 instructa
901 2449 1002 2514 mrius
1017 2467 1052 2515 ea
1074 2449 1220 2528 carentia,
1242 2449 1357 2516 utrius·

81 2569 136 2631 que
155 2570 248 2617 maus
270 2551 397 2634 organis
419 2549 626 2635 generationis
649 2552 830 2636 gaudentes,
852 2553 996 2618 masculis
1017 2573 1126 2636 nempe
1140 2572 1227 2636 quae,
1250 2553 1359 2620 eatta-

83 2656 165 2720 ridio
186 2655 292 2734 dicta,
323 2655 471 2720 utriculos
502 2655 700 2738 pedicellatos
726 2657 807 2722 inter
830 2657 953 2724 oratam
976 2659 1008 2724 et
1030 2657 1204 2742 elongatam
1226 2657 1358 2725 iormam

86 2759 251 2838 varimtes,
289 2762 555 2844 apmnatozoidia
591 2760 748 2827 filiiormia
784 2761 963 2828 subclevata
999 2761 1139 2830 biciliata
1167 2761 1358 2830 continentes

86 2865 222 2948 apicesque
253 2863 447 2930 dehiscentes
477 2863 657 2944 adornant,
694 2867 787 2948 atque
817 2865 973 2945 femineis,
1011 2867 1200 2952 arctepcala
1230 2865 1360 2945 vocatis,

89 2968 345 3050 pistilliiormibus
367 2985 384 3034 e
406 2987 535 3052 quorum
557 2971 668 3034 cellula
690 2991 868 3055 ccopopeoa
890 2969 1172 3055 (germinalilinlra
1187 2970 1306 3055 stylum
1320 2971 1360 3037 ad

89 3075 218 3139 nmirum
250 3075 357 3156 posita
385 3072 515 3155 friuolus
545 3071 700 3139 enascitur
729 3073 954 3156 capsuliiormis
984 3075 1017 3138 in
1035 3075 1223 3159 pedicetlam
1245 3075 1361 3156 (setam

91 3175 204 3260 Hans.)
229 3175 404 3243 breuiorem
424 3176 631 3260 longioremve
652 3177 845 3259 attenuatus,
867 3197 928 3260 quo
948 3179 1101 3245 mediante
1123 3179 1315 3260 receptaculo
1329 3179 1362 3245 in

91 3283 265 3365 apiacum
288 3281 438 3364 producto
459 3281 617 3367 infigitur,
640 3301 696 3364 pro
717 3281 807 3366 parte
828 3301 896 3348 raro
918 3284 1003 3348 totus
1025 3282 1205 3348 membrana
1226 3282 1362 3365 pericar-

91 3386 165 3466 pica,
197 3386 269 3452 basi
301 3403 322 3450 a
351 3386 541 3469 receptaculo
572 3387 769 3454 circumcirca
795 3387 898 3453 soluta
924 3386 1195 3470 indumentumque
1221 3385 1363 3472 regulare

92 3489 295 3558 mitraeiorme
315 3489 366 3555 vel
388 3489 593 3571 cucullatum,
615 3509 687 3558 rasa
708 3490 883 3573 exceptione
905 3489 1116 3576 irregulariter
1136 3491 1293 3571 lacemm,
1315 3492 1364 3557 cui

92 3597 245 3683 alyperoe
268 3611 382 3660 nomen
405 3593 507 3676 datur,
529 3595 695 3682 effingente
716 3594 871 3674 obtectus;
893 3595 1019 3678 capsula
1039 3595 1108 3678 ipsa
1129 3597 1253 3664 matura
1275 3617 1364 3683 oper·

92 3702 151 3765 cato
171 3699 412 3768 horizontaliter
432 3699 641 3766 circumscisso
662 3717 734 3765 raro
755 3700 848 3764 rionis
867 3699 1058 3784 regularibus
1081 3699 1129 3766 vel
1144 3699 1364 3770 dilaceratione

91 3805 246 3891 irregulari
268 3802 415 3880 dehiscit;
448 3823 563 3890 sperae
584 3802 831 3888 pulseriiormes,
859 3803 890 3869 in
913 3803 1068 3870 nonnullis
1090 3807 1232 3888 capsulae
1254 3805 1365 3890 parieti

91 3909 203 3976 namo
224 3906 394 3993 contiguae
416 3907 446 3972 in
470 3907 603 3974 caeteris
627 3907 770 3974 omnibus
792 3909 915 3975 sacculo
933 3911 1057 3994 proprio
1072 3911 1279 3997 sporcopiam
1296 3929 1366 3992 spe·

91 4013 159 4080 risle
183 4013 319 4080 nancte
341 4011 492 4092 inclusae,
521 4013 700 4097 plerumque
730 4013 907 4096 corpusculo
929 4015 1074 4081 collulosc
1096 4014 1169 4082 exili
1191 4015 1367 4084 columellae

88 4135 193 4184 nomen
216 4115 330 4183 menei
351 4113 550 4182 circumsitae
574 4115 777 4200 reperiuntur.

172 4237 341 4303 Habitetis
363 4237 537 4314 terrestris,
560 4237 712 4318 saxatilis,
733 4239 864 4306 arborea
884 4257 940 4304 nec
961 4257 1023 4306 non
1044 4240 1186 4322 aquatica
1208 4259 1368 4325 eorumque

86 4341 189 4424 peruia
211 4343 299 4408 totus
321 4339 407 4407 orbis
429 4343 583 4408 terrarum
604 4343 672 4424 est,
703 4363 722 4411 a
749 4343 926 4426 plantarum
955 4343 1055 4410 limite
1078 4343 1193 4410 arctica
1214 4363 1308 4428 usque
1330 4345 1368 4412 ad

86 4447 307 4526 antarcticum,
329 4465 350 4513 a
372 4445 495 4532 regione
516 4447 683 4532 campestri
704 4466 800 4532 usque
822 4446 861 4514 ad
884 4445 1035 4512 montium
1057 4446 1297 4514 editissimcmm
1319 4448 1370 4514 ni·

88 4569 141 4616 aas
163 4553 316 4619 mlamas.

180 4653 253 4722 Vela
275 4655 429 4740 perennis,
452 4674 523 4723 raro
544 4674 645 4722 annua
667 4655 731 4722 sive
753 4655 881 4723 biennis.

141 4765 272 4818 sewu,
286 4767 403 4818 Snopah.
426 4768 510 4811 ull.
1164 4758 1178 4812 l
