3412 5244
294 303 358 374 358
831 301 1034 374 Sabellam

294 487 427 548 foliorum
450 487 602 547 comalinm
625 487 655 546 et
677 484 908 560 perianthiornm
931 485 1035 544 axillas
1058 487 1220 560 occupant,
1243 485 1440 561 copiosissimo
1462 485 1492 546 in
1515 487 1573 547 hac

293 577 326 634 nt
349 573 379 633 in
402 575 594 650 praecedente
618 575 706 648 atque
730 573 868 648 sequente
891 572 987 648 specie
1012 575 1176 634 occurrunt.

673 765 701 821 a.
731 761 906 820 Dissodon
927 761 1182 831 splaohnoidea.

634 884 745 944 Weisia
767 883 900 958 splachn.
923 883 1082 942 Tunnanno
1105 884 1135 942 in
1159 884 1331 942 Sonwason.

380 1017 494 1083 Planta
517 1017 599 1083 olata
622 1016 711 1100 longe
733 1016 856 1099 lateque
877 1015 1063 1099 caespitem,
1085 1013 1236 1097 caespites
1259 1033 1388 1097 superne
1411 1012 1576 1080 atro-riri-

293 1122 346 1188 des
369 1121 486 1186 interno
516 1119 713 1205 nigricantes.
758 1119 862 1187 daulis
892 1119 1005 1204 plurios
1036 1119 1209 1186 dichotome
1242 1117 1574 1202 fastigisto-ramosns.

293 1224 380 1292 Folia
403 1244 422 1290 a
442 1223 510 1291 basi
531 1224 764 1290 innovationnm
787 1223 827 1291 ad
847 1223 966 1306 apicem
988 1224 1102 1290 sensim
1124 1223 1252 1307 majora,
1280 1223 1476 1303 mollissima,
1498 1225 1576 1290 obo-

293 1329 519 1412 ram-oblonga
541 1330 574 1394 et
595 1327 853 1412 lingulaetormia,
878 1329 1019 1394 cannata
1040 1327 1152 1394 viridia
1174 1328 1277 1393 aetate
1300 1328 1389 1404 atra,
1421 1326 1480 1393 reti
1503 1328 1576 1393 taxo

292 1431 384 1498 viridi
407 1451 535 1516 superne
559 1433 679 1498 brevius
702 1431 819 1498 interne
841 1431 963 1516 longius
987 1430 1356 1516 hexagono-rectaugnlo.
1387 1429 1519 1514 Capsula
1541 1432 1576 1496 in

292 1535 439 1620 pedicollo
461 1536 554 1620 longo
576 1538 677 1602 erecta
700 1554 770 1602 raro
793 1533 925 1618 obliqua,
948 1553 965 1600 o
986 1534 1065 1601 collo
1088 1534 1239 1601 tumidulo
1265 1533 1451 1601 stomatibus
1472 1554 1573 1602 emer·

291 1639 335 1707 sis
355 1639 526 1706 numerosis
548 1640 673 1721 pertuso
696 1637 810 1717 oratis,
843 1638 1002 1718 amantia,
1035 1638 1117 1704 sicca
1138 1657 1236 1704 vacua
1259 1637 1573 1724 globoso-turbinata,

291 1743 432 1826 operculo
454 1743 707 1809 convexo-conice
730 1743 845 1809 mutieo
867 1743 948 1809 laud
970 1762 1040 1810 raro
1062 1743 1095 1808 in
1117 1742 1282 1810 columella
1305 1742 1427 1809 sublato
1449 1743 1573 1829 longius

291 1846 483 1930 persistente.
513 1845 694 1912 Peristomii
715 1846 822 1912 dentes
844 1845 1040 1931 longiusculi,
1062 1846 1150 1927 lutei,
1175 1846 1426 1930 aequidistantes.
1458 1847 1574 1929 Sporae

294 1947 372 2034 3βιοο
393 1969 468 2017 mm.
491 1951 553 2016 fore
576 1950 669 2016 diam.
693 1951 876 2032 metientes,
909 1951 1117 2017 minutissime
1138 1951 1330 2036 granulosae.
1374 1952 1482 2032 Bryol.
1506 1970 1571 2017 eur.

290 2052 360 2118 Vol.
383 2053 441 2132 ΠΙ,
464 2053 539 2120 Tab.
565 2052 638 2118 283.

299 2175 417 2242 Weieia
438 2177 675 2263 spteclaoidee,
704 2176 791 2243 caule
813 2176 1008 2258 subramoso,
1032 2175 1115 2244 toliis
1139 2175 1328 2262 spathuletio
1351 2175 1572 2242 obtusinsculis

398 2277 623 2364 integerrimis,
666 2281 756 2346 theca
786 2281 879 2347 ovata
907 2280 1172 2366 apophysiphora,
1206 2281 1348 2364 operculo
1379 2280 1572 2347 brevissimo.

401 2380 584 2448 Scnwasca.
607 2381 713 2465 Suppt.
737 2383 762 2461 I,
785 2382 821 2449 P.
844 2385 869 2464 I,
893 2402 922 2465 p.
946 2383 999 2462 63,
1022 2385 1045 2452 t.
1073 2384 1122 2450 17.

333 2486 434 2553 Hoon.
457 2487 489 2552 et
511 2487 607 2553 Turn.
632 2489 728 2553 Mose.
752 2487 832 2554 Brit.
855 2489 901 2555 sd.
925 2489 956 2555 2.
1003 2489 1093 2554 Fons
1115 2489 1275 2556 Deutschl.
1299 2489 1414 2556 Moosa

295 2605 454 2691 Opotodoa
477 2607 694 2692 eptaclnoidee
716 2609 795 2674 Ros.
818 2610 939 2675 Bnowu
960 2609 994 2674 in
1016 2603 1154 2675 Pianr’s
1176 2609 1248 2676 first
1269 2629 1337 2694 roy.

292 2709 485 2796 Sptochnum
507 2711 673 2796 ltputotum
695 2712 802 2780 DIchS.
827 2712 933 2798 Crypt.
957 2714 1044 2780 nese.
1088 2714 1180 2799 Engl.
1203 2715 1274 2781 Bot.

294 2812 473 2878 Eremodoa
496 2814 715 2898 aptaetaoicles
737 2815 827 2882 Brun.
850 2817 956 2902 Bryot.
978 2817 1062 2883 univ.
1108 2816 1195 2884 Nnns
1222 2820 1255 2884 et
1275 2818 1440 2886 Honuscn.
1462 2817 1572 2903 Bryol.

401 2935 498 3001 gorm.

293 3038 457 3105 Discedere
480 3040 697 3125 splachnoides
719 3041 818 3109 Ganv.
834 3043 866 3108 et
881 3041 963 3108 Asa.
981 3042 1121 3108 Tentam.
1151 3043 1209 3108 Ba.
1233 3043 1266 3109 et
1288 2999 1362 3109 Son.
1383 3042 1488 3128 Bryol
1505 3059 1573 3108 aar.

400 3141 434 3210 G.
453 3145 587 3210 Monens
609 3145 738 3231 synope.
783 3145 909 3212 Hasna.
934 3145 1048 3213 strand.
1070 3147 1117 3212 ltl.
1163 3146 1295 3212 Wrnsou
1316 3146 1420 3232 Bryot.
1443 3146 1525 3212 Brit.

378 3265 487 3333 Hadia.
518 3266 550 3333 in
578 3267 763 3353 graminosis
786 3266 947 3354 uliginosis
969 3266 1104 3352 regionis
1126 3266 1247 3350 alpinae
1269 3285 1323 3352 per
1345 3285 1451 3334 aonam
1474 3267 1576 3335 inter-

291 3367 424 3434 mediam
447 3371 540 3452 atque
564 3371 835 3453 septentrionalem
858 3370 939 3436 haud
961 3387 1046 3437 raro:
1078 3370 1142 3456 legi
1163 3370 1196 3435 in
1218 3369 1367 3437 Rhaetica
1389 3371 1482 3454 Alpp.
1514 3373 1575 3436 Al·

291 3471 365 3536 aaa
387 3473 419 3537 et
439 3473 587 3558 Sptotpeo,
611 3475 642 3538 in
657 3473 750 3556 Alpp.
776 3473 914 3540 bernone.
947 3474 1165 3561 Wonperaatp,
1188 3474 1353 3541 Fauttsora
1369 3475 1576 3562 (Budectpc),

290 3573 324 3640 in
345 3574 539 3662 Salisburgia
560 3577 703 3644 interiore
726 3597 819 3662 prope
842 3579 974 3645 Gustata
995 3579 1028 3644 in
1049 3579 1129 3663 Alpe
1155 3579 1329 3662 Throneok,
1351 3578 1384 3644 in
1399 3578 1578 3664 Norregiae

291 3679 372 3745 valle
394 3680 696 3746 Gultbroadadulea
728 3683 761 3748 et
790 3682 950 3765 praecipue
980 3681 1014 3748 in
1044 3682 1125 3765 Alpe
1155 3682 1366 3768 Doorefjatd,
1396 3681 1449 3748 nbi
1479 3701 1579 3766 propa

291 3783 476 3870 Koopeootd
497 3803 514 3850 o
535 3785 762 3868 vrrlgatissimis
784 3787 849 3866 est,
880 3786 913 3852 in
935 3785 1057 3854 Scotiae
1079 3806 1120 3852 m.
1145 3787 1212 3852 Beer
1235 3787 1385 3864 Laecam
1416 3789 1577 3854 caeterum

290 3907 344 3972 por
373 3890 472 3954 totam
495 3887 703 3975 Norrogiam,
734 3890 872 3958 sueciam
901 3893 934 3958 et
955 3890 1103 3958 Fanniam
1136 3893 1310 3958 montosam
1340 3909 1394 3958 noc
1425 3909 1485 3958 non
1517 3910 1578 3974 per

289 3993 478 4077 Lapponiam
502 3993 626 4061 minimo
649 4014 718 4062 raro
741 3996 884 4078 occurrit,
914 3997 1034 4081 copiose
1055 3997 1089 4063 in
1104 3997 1216 4064 Scotia.
1261 3996 1287 4062 E
1312 3996 1436 4064 caneda
1457 3998 1577 4064 Danu-

290 4113 376 4162 uosn
398 4095 495 4162 misit.

380 4199 489 4266 Fruct.
513 4209 628 4268 matur.
652 4203 828 4270 anatumno.

378 4312 574 4373 Praecedente
596 4314 759 4389 procerior,
782 4317 930 4376 caeterum
954 4316 1120 4388 alsindis,
1144 4319 1173 4376 et
1196 4317 1225 4376 in
1249 4315 1348 4375 formis
1370 4315 1431 4374 suis
1453 4315 1582 4377 minori-

292 4400 357 4471 bus,
380 4400 472 4472 primo
495 4401 569 4472 riso,
592 4402 641 4461 rix
664 4402 751 4462 aliter
772 4403 974 4479 distinguitur,
997 4421 1085 4479 quam
1107 4403 1185 4464 toliis
1208 4403 1390 4479 longioribus
1406 4403 1502 4462 minus
1518 4403 1581 4464 iur-

291 4486 426 4560 bricatis,
456 4489 577 4563 capsula
604 4489 721 4565 tongins
751 4491 926 4564 pedicellata
956 4509 1010 4566 pro
1032 4492 1203 4567 plantarum
1226 4491 1428 4566 magnitudine
1452 4490 1583 4561 minore,

290 4574 425 4720 1egerente
446 4575 559 4637 latiore.
593 4576 719 4638 Habitat
742 4595 854 4654 sempor
875 4577 940 4640 loco.
963 4579 1117 4656 uliginosa,
1140 4577 1190 4639 ubi
1212 4578 1244 4638 in
1267 4578 1386 4654 aquosis
1409 4577 1581 4652 semipeda-

303 4659 308 4672 '
348 4661 504 4737 provenit·
