3080 5246
527 337 697 414 Etim·-
1189 337 1252 408 617

10 517 244 688 ’ταώἔῖλοάαω
264 514 523 604 eyrbrorrtizon
545 515 604 582 Ba.
627 515 659 582 et
674 513 746 584 Suu.
768 514 874 600 Brgol.
896 533 960 582 eur.
990 515 1116 582 linars.
1139 513 1253 584 stand.

124 621 204 688 .ed.
231 621 280 690 10.

10 745 133 830 typicam
167 741 427 830 crytbrerrlricorr
464 739 657 810 0111111111
688 739 817 826 synope.
862 740 1020 806 Hieram
1057 739 1168 810 Skuud
1205 741 1253 810 l'l.

86 847 133 917 ed.
157 847 188 915 6.

62 969 173 1036 Hetr't
197 969 236 1036 ad
251 987 325 1035 saxa
340 985 433 1052 prope
449 967 650 1053 Bogdcduue
665 964 839 1052 Noruegiae
854 965 973 1045 merid,
993 964 1045 1032 ubi
1059 965 1134 1034 clar.
1149 965 1254 1034 Burri

9 1093 69 1140 mm
92 1073 262 1158 specimina
283 1072 441 1139 cecidere
472 1070 565 1156 legit;
596 1070 702 1136 sterile
731 1070 763 1135 in
786 1069 920 1149 leucia,
952 1068 1086 1150 Oarelia,
1118 1069 1253 1154 Imctrc,

9 1177 200 1246 strcbetbnia
221 1179 285 1244 bor.
308 1177 348 1243 ad
371 1196 445 1244 saxa
467 1178 501 1242 et
522 1175 608 1262 ligna
630 1174 753 1258 putrida
774 1174 826 1260 (V.
849 1174 883 1240 d.
906 1173 1121 1262 Bacrnuaus).

63 1281 176 1349 Fnct.
198 1290 313 1348 matur.
337 1300 418 1348 vere.

62 1409 171 1470 Diliert
192 1427 211 1470 a
232 1409 285 1469 Br.
298 1403 438 1480 semino:
455 1409 500 1468 cui
524 1408 726 1484 magnitudine
749 1407 853 1479 simile,
876 1407 1028 1485 rigiditate
1051 1409 1143 1470 caulis
1166 1411 1254 1474 dense

8 1497 231 1568 rie-radiculusi,
265 1497 343 1558 feliis
364 1496 520 1557 latioribus
541 1496 703 1556 imbricatis
726 1496 915 1572 acumineque
937 1497 1083 1570 flexuose,
1116 1499 1253 1576 capsulae

8 1585 117 1646 dicullo
140 1584 314 1646 laerimime.

327 1793 376 1850 12.
402 1792 696 1861 Brachytbeclnm
717 1791 897 1850 collinum.

379 1915 518 1992 Hypnum
541 1915 676 1976 collinum
699 1916 853 1976 Semeros.

60 2053 248 2122 Moncicum.
279 2053 436 2138 Caespites
458 2053 677 2122 subcirculares
699 2053 848 2133 intricati,
870 2053 903 2118 in
918 2052 1017 2120 medio
1039 2054 1255 2134 tumescentes,

7 2161 57 2225 ete
79 2157 206 2225 virides.
250 2157 355 2226 daulis
377 2177 541 2244 prorepens
562 2159 654 2226 dense
676 2159 882 2239 radiculosus,
915 2158 1049 2225 breviter
1070 2157 1254 2226 ramulesus.

7 2261 62 2328 clia
85 2261 234 2342 nanim
256 2263 325 2331 laxe
348 2263 512 2334 imbricata
528 2265 577 2332 vel
592 2265 791 2345 subsecanda,
814 2283 832 2331 e
846 2265 913 2332 basi
928 2265 1021 2331 ovata
1034 2263 1067 2330 et
1081 2263 1146 2329 late
1162 2265 1256 2330 ovata

7 2369 99 2434 resins
121 2369 496 2451 lanceolam-acuminata,
519 2389 662 2450 concava,
685 2371 754 2438 tuto
776 2371 916 2456 margine
938 2369 1107 2449 serrulata,
1135 2367 1255 2436 cellulis

7 2471 177 2558 rgularibus
197 2473 300 2558 magis
322 2472 464 2541 dilatatis
485 2473 753 2560 chlorcpbyllosis,
776 2474 905 2540 caeteris
927 2471 1077 2558 hyalinis3
1099 2471 1256 2556 periebae-

6 2577 64 2642 alia
87 2595 124 2642 ex
146 2577 232 2661 apice
254 2578 385 2662 abrupte
408 2577 697 2658 tenui-acuminata,
720 2579 867 2645 ecastata.
899 2577 1033 2660 Capsula
1054 2577 1087 2643 iu
1108 2575 1256 2662 pedicellc

6 2681 173 2748 reriuscule
195 2681 275 2748 lauri
296 2699 419 2762 cernua,
441 2682 621 2768 majuscula,
643 2681 848 2761 brevi-cuais,
870 2681 973 2768 gibba,
996 2681 1136 2765 operculo
1158 2680 1258 2748 ebasi

6 2785 41 2852 tte
76 2803 213 2852 censam
247 2784 357 2852 obtuse
393 2785 576 2856 acuminato.
620 2785 747 2854 Caetera
784 2786 842 2851 Br.
875 2786 1013 2851 aduini.
1058 2784 1162 2869 Brycl.
1192 2803 1256 2853 eur.

6 2889 47 2956 'cl
71 2890 127 2971 VI,
150 2890 228 2958 Tab.
252 2887 326 2958 518.

6 3011 131 3098 typum
161 3011 311 3080 Meum
341 3012 539 3082 &eumenus
567 3015 601 3080 et
628 3013 760 3080 leonis
792 3012 825 3079 iu
857 3012 1019 3080 schedulis.
1064 3011 1098 3078 0.
1120 3010 1256 3077 liumus

84 3115 215 3204 Syncps.
261 3116 420 3183 fleamus
442 3117 554 3186 Skand.
578 3116 625 3183 ll.
649 3117 716 3184 edd.
740 3117 832 3202 prior.

6 3237 240 3325 tccbytteciam
269 3239 415 3305 rodinum
446 3239 504 3305 Ba.
534 3239 567 3306 ct
596 3238 670 3308 Sca.
704 3239 809 3324 llryel.
842 3257 905 3304 eur.
950 3237 999 3304 Da
1020 3235 1141 3308 Num.
1171 3235 1254 3319 Epil.

60 3343 221 3410 llnarnn
245 3341 356 3410 Skand.
379 3341 427 3410 ld.
449 3343 497 3410 ed.
523 3342 572 3412 10.

61 3463 172 3530 Hatit.
196 3463 237 3530 ad
258 3463 384 3542 terram,
408 3463 440 3529 in
462 3463 584 3548 rupium
607 3465 638 3531 et
662 3481 817 3531 murorum
832 3461 954 3531 fissuris
969 3461 1058 3548 inque
1073 3463 1155 3530 saxis
1170 3464 1255 3531 terra

6 3569 104 3636 >tectis
126 3587 318 3636 summarum
343 3568 487 3653 Alpium:
510 3567 543 3634 in
565 3587 687 3636 summa
709 3567 823 3634 Faria
843 3566 1005 3636 Helvetiae
1026 3569 1059 3634 et
1080 3567 1114 3634 in
1132 3587 1274 3644 mmmc.

6 3673 112 3758 pinigeri
134 3673 300 3754 Bbaetlac,
332 3673 384 3740 ubi
415 3673 455 3740 ad
482 3671 588 3760 pedem
612 3673 691 3740 muri
714 3690 800 3740 secus
821 3673 904 3740 dam
927 3671 1086 3756 prevenit,
1115 3690 1255 3740 necnon

6 3795 67 3860 rupa
91 3777 207 3844 Jerlcirr
237 3779 269 3843 et
299 3775 484 3863 Korspsveld
514 3777 546 3844 in
579 3777 659 3860 Alpe
682 3775 870 3862 Dovrefjeld
895 3774 1085 3861 Norvegiae,
1117 3776 1171 3844 ubi
1202 3778 1253 3846 sat

6 3881 140 3964 spissum,
161 3880 236 3966 lagi.
274 3881 311 3948 In
327 3881 493 3966 Pyrenaeis
514 3883 611 3949 centr.
634 3880 793 3968 (smnus),
817 3881 855 3948 ad
871 3880 1066 3948 Most-blusso
1086 3879 1230 3968 (Pauor).

63 3983 172 4051 ΒΜ.
195 3991 312 4050 mutar.
337 3986 465 4052 aestate

63 4112 169 4174 Didert
191 4131 209 4174 a
235 4113 285 4174 ur.
307 4115 431 4176 cdrdinu
452 4113 531 4174 feliis
553 4114 641 4176 deuse
671 4112 832 4174 imbricatis
862 4111 1034 4186 latioribus,
1065 4110 1130 4170 basi
1156 4108 1252 4170 laxius

6 4199 74 4272 ntis,
96 4199 355 4276 perichaetiulibus
377 4220 412 4262 ex
434 4202 517 4277 apice
533 4202 659 4276 abrupte
675 4201 813 4261 suberoso
828 4199 995 4275 spiculatis,
1017 4197 1153 4273 capsulae
1169 4196 1250 4272 pedi·

6 4285 49 4388 silc
71 4286 198 4434 bregeri
219 4287 306 4362 laevi,
328 4289 448 4365 capsula
470 4289 536 4366 ipsa
558 4305 611 4365 prc
634 4289 801 4364 plantarum
823 4285 1025 4364 magnitudine
1047 4283 1166 4358 majore,
1188 4283 1251 4343 rita

6 4389 101 4451 imque
154 4391 234 4450 pina.
