3388 5218
255 203 296 274 Ν
814 209 987 274 introductio.

342 391 411 459 Tali
427 391 518 460 modo
534 392 654 460 caulem
670 393 873 460 Dicranomm
889 393 1069 470 multomm,
1090 378 1279 470 Paludellae,
1303 378 1531 468 (llnclidiomm,

166 531 172 546 ·
254 497 420 576 liniomm,
444 497 596 582 Bryorum
619 517 645 562 e.
669 516 717 576 a,
741 497 822 562 inter
844 497 1067 580 Pleurocarpos
1090 489 1273 581 Hypnorum
1296 495 1431 580 plurium
1454 515 1480 560 e.
1503 513 1532 559 a.

253 603 393 669 tomento
411 601 505 668 denso
528 621 545 666 e
567 601 712 667 radiculis
735 601 876 685 implexis
899 602 1042 667 contexto
1065 619 1145 665 nunc
1161 599 1323 676 albicante,
1340 618 1419 664 nunc
1435 598 1533 664 nues-

253 707 350 784 cente,
374 721 454 771 nunc
477 705 647 790 nigricante
671 705 814 772 obmtum
847 705 1033 789 reperimus,
1057 723 1117 787 quo
1140 703 1178 767 lit
1199 705 1235 767 ut
1257 703 1397 788 singulae
1420 701 1532 786 stirpes

252 803 335 874 band
357 828 427 876 raro
452 809 535 874 arcte
557 808 639 874 inter
661 827 694 874 se
716 809 901 873 cohaereant
922 807 1132 892 caespitesque
1155 807 1358 874 condensatos
1375 806 1423 872 vir
1440 806 1533 871 extri-

254 913 369 980 cabiles
392 911 536 978 efficiant.
582 911 749 978 Radiculae
771 911 830 976 hae
852 911 1040 976 adventitiae
1063 911 1166 976 caules
1190 931 1250 978 non
1273 911 1373 976 solum
1391 910 1533 976 corrobo-

253 1019 333 1096 rant,
357 1015 410 1082 sed
434 1015 528 1081 etiam
551 1016 589 1080 ab
611 1017 716 1081 aestus
740 1013 924 1100 frigorisque
946 1014 1068 1099 inJuriis
1090 1017 1256 1099 protegunt
1279 1016 1311 1078 et
1333 1015 1494 1080 humorem
1515 1030 1533 1076 a

251 1121 319 1188 basi
340 1120 381 1186 ad
403 1121 521 1205 apicem
545 1120 755 1205 vegetativum
777 1121 921 1184 evehunt.
968 1117 1099 1186 Radices
1127 1138 1144 1183 c
1167 1119 1312 1186 loliomm
1334 1117 1419 1202 apice
1442 1117 1531 1182 natas

252 1224 284 1290 in
306 1223 426 1310 Hypno
448 1225 619 1289 stramiaco
646 1225 678 1288 et
710 1223 878 1306 cordisolio
909 1223 1087 1301 observavi,
1117 1243 1133 1288 e
1161 1221 1306 1288 foliorum
1328 1221 1395 1288 basi
1417 1220 1449 1286 in
1472 1219 1532 1284 Di·

251 1330 370 1410 crcais,
394 1327 585 1413 Polylriclris
605 1346 630 1394 e.
648 1347 686 1406 a,
710 1346 726 1391 e
749 1327 939 1394 ramulorum
960 1326 1047 1411 apice
1070 1327 1157 1410 quasi
1179 1327 1393 1410 procurrentes
1416 1325 1448 1389 in
1472 1323 1532 1408 Cy-

250 1431 454 1497 lindrotbecio
476 1430 739 1510 cladcrrdizcnlc,
762 1430 794 1496 in
817 1430 1048 1515 Plupr'ollrcer'is,
1071 1430 1330 1514 Rhyncbostepiis
1353 1451 1380 1496 e.
1405 1449 1432 1494 a.

337 1535 408 1603 Non
430 1535 520 1620 pauci
541 1537 645 1600 tamen
668 1535 769 1600 Musei
792 1533 990 1600 inveniuntur
1021 1553 1151 1618 quorum
1181 1535 1301 1614 caules,
1330 1535 1433 1599 aetate
1461 1551 1532 1618 pro-

253 1641 360 1718 vecta,
384 1638 528 1704 radiculis
551 1638 675 1705 omnino
698 1640 817 1713 carent;
850 1637 882 1702 in
905 1635 1120 1722 Spbagncmm
1146 1637 1261 1721 plantis
1286 1635 1459 1721 junioribus
1482 1635 1532 1700 vix

250 1761 267 1807 e
303 1741 471 1826 prothallio
509 1741 641 1828 egressis
679 1741 809 1819 adsunt,
853 1741 885 1805 in
922 1741 1029 1825 planta
1067 1739 1203 1824 perfecta
1240 1739 1337 1806 caulis
1374 1738 1530 1804 indusium

249 1846 448 1933 spongiosum
480 1867 536 1914 nec
571 1867 632 1913 non
666 1846 779 1912 ramuli
811 1845 971 1913 lililormes
1008 1846 1153 1912 declinati
1180 1866 1291 1930 aquam
1328 1845 1417 1912 avide
1443 1863 1530 1910 assu·

249 1953 357 2037 gentes
380 1969 486 2017 earum
507 1951 610 2018 locrrm
633 1952 740 2016 tenent
771 1950 914 2034 ipsasque
936 1968 1176 2034 supervacaneas
1199 1949 1338 2015 reddunt.
1385 1950 1421 2014 In
1442 1948 1530 2032 Hyp-

248 2053 306 2133 nis,
330 2074 458 2138 quorum
481 2055 584 2120 caules
608 2053 701 2120 denso
724 2053 847 2138 agmine
869 2053 1019 2136 caespites
1043 2052 1208 2136 probmdos
1231 2053 1438 2130 constituunt,
1462 2071 1530 2118 sae·

196 2223 198 2228 .
248 2157 327 2242 pius,
350 2157 512 2242 praecipue
534 2157 611 2223 locis
634 2155 821 2234 siccioribus,
844 2155 997 2222 radiculas
1020 2156 1135 2222 frustm
1159 2157 1289 2240 quaeris,
1313 2156 1384 2240 quia
1399 2155 1530 2241 primor-

248 2259 356 2349 diales,
378 2281 447 2326 cunr
470 2260 567 2326 caulis
590 2261 678 2344 parte
701 2259 844 2326 inferiore
866 2262 969 2326 aetate
999 2262 1179 2344 corruptae,
1212 2261 1408 2326 secundaneis
1432 2259 1528 2325 nullis

249 2365 441 2449 supplentur.
487 2365 619 2442 Plantis,
643 2365 809 2441 caeterum,
833 2383 866 2430 se
889 2364 1020 2430 invicem
1043 2364 1283 2444 sustinentibus,
1307 2364 1527 2430 humiditatem

250 2467 288 2534 ad
311 2467 408 2533 vitam
430 2468 633 2534 necessariam
657 2467 808 2552 profrmdo
832 2468 967 2553 caespite
988 2467 1173 2546 foventibus,
1196 2468 1314 2534 radices
1337 2487 1392 2534 nec
1415 2467 1453 2532 ad
1475 2487 1527 2532 eas

249 2573 350 2638 terrae
379 2572 570 2658 inlingendas
598 2591 653 2638 nec
681 2572 719 2637 ad
751 2591 857 2638 succos
890 2572 1061 2639 evehendos
1092 2573 1186 2637 ullius
1216 2573 1364 2638 utilitatis
1385 2572 1525 2638 luissent.

248 2673 404 2760 Hypnum
428 2676 600 2759 Sobrebcrr]
624 2675 842 2760 Hylccome'um
866 2677 1041 2762 splendens,
1066 2677 1109 2741 H.
1133 2679 1322 2762 triquetrum
1346 2695 1371 2743 e.
1392 2697 1420 2743 a.
1444 2677 1526 2743 haud

248 2797 318 2844 raro
340 2778 492 2846 radicibus
516 2779 638 2845 omnino
661 2779 829 2860 destituta,
853 2781 917 2846 suis
940 2781 1016 2846 locis
1039 2781 1244 2864 pulcherrime
1266 2781 1373 2866 vigent
1394 2783 1526 2847 terram·

247 2899 306 2965 que
328 2883 557 2949 sterilissimam
579 2885 683 2967 tapete
706 2884 788 2950 laete
810 2885 928 2950 virente
952 2885 1111 2969 obtegunt.

334 2985 367 3053 Si
389 2986 427 3052 ad
451 2987 656 3053 radiculamm
678 2989 867 3054 structuram
889 2989 1044 3072 respicias,
1068 2987 1327 3072 simplicissimam
1351 3009 1418 3054 eam
1441 2989 1525 3056 vide-

246 3088 302 3154 bis.
348 3090 373 3154 Ε
398 3091 518 3176 singula
541 3111 648 3176 nempe
671 3092 749 3158 serie
771 3092 953 3158 cellularum
977 3093 1109 3176 obliquis
1125 3093 1293 3176 parietibus
1310 3095 1523 3179 contiguarum

245 3193 477 3260 conformantur
500 3194 655 3261 radiculae
677 3195 819 3280 propriae
842 3199 877 3260 rrt
900 3198 932 3261 ct
947 3197 1144 3275 adventitiae,
1168 3217 1246 3280 quae
1261 3199 1409 3280 utraeque
1425 3199 1524 3282 prima

244 3298 348 3361 aetate
370 3297 543 3380 simplices,
576 3299 673 3364 serius
697 3319 836 3365 ramosae
868 3301 899 3364 et
922 3300 1291 3368 fasciculato-mmulosae
1314 3302 1522 3377 inveniuntur,

244 3401 372 3466 ramulis
392 3399 564 3468 instructae
595 3404 802 3480 tenuioribus,
830 3405 1032 3482 mollioribus,
1057 3405 1190 3489 pallidis,
1214 3407 1397 3471 fibrillamm
1420 3407 1522 3472 locum

243 3505 420 3588 plantamm
443 3507 630 3590 superiorem
653 3506 829 3572 tenentibus
853 3507 937 3590 (Vid.
961 3507 1043 3573 leon.
1068 3509 1142 3572 Tab.
1167 3509 1245 3592 IV.).

329 3607 364 3672 ln
382 3607 624 3693 Polytrichaceis
647 3608 813 3686 nonnullis,
837 3610 1019 3694 praeprimis
1042 3611 1074 3676 in
1091 3612 1222 3676 Atriclo
1234 3613 1387 3677 rendulclo
1403 3617 1520 3692 nostro,

242 3711 361 3777 radices
383 3714 555 3797 complures
579 3713 660 3778 funis
683 3712 721 3778 ad
746 3713 844 3778 instar
867 3733 933 3778 sese
956 3715 1152 3790 convolvunt,
1177 3715 1369 3799 radicemque
1391 3717 1521 3783 funifor-

240 3833 321 3880 mem
345 3833 362 3880 e
385 3816 523 3901 pluribus
553 3818 734 3883 cellulamm
770 3816 878 3883 stratis
908 3818 1111 3901 compositam
1134 3820 1334 3884 mentiuntur.
1381 3819 1461 3886 Care
1484 3841 1521 3887 ne

240 3918 357 3984 radices
389 3921 447 3986 lroc
478 3921 568 3987 modo
598 3921 777 4005 conjunctas
800 3939 870 3986 curn
893 3921 1045 3986 radicibus
1068 3923 1243 4006 plantarum
1266 3923 1381 3990 ordinis
1404 3925 1521 4009 persec-

238 4022 329 4090 tioris
351 4027 521 4091 commutes
544 4025 629 4109 (Vid.
653 4026 759 4091 leones
783 4024 857 4090 Tab.
882 4025 961 4108 lV.).

324 4127 360 4192 ld
383 4129 463 4212 quod
487 4133 628 4194 auctores
653 4127 809 4204 nonnulli,
833 4128 1015 4211 praeprimis
1040 4131 1176 4206 veteres,
1202 4131 1339 4195 radicem
1363 4141 1519 4217 repentem

236 4232 364 4308 vocant,
394 4231 473 4298 nihil
499 4233 583 4298 aliud
619 4234 667 4298 est
690 4251 781 4316 quam
805 4231 901 4315 ipsius
925 4232 1021 4297 caulis
1046 4253 1117 4316 pars
1140 4233 1266 4300 inferior
1288 4237 1445 4319 prostrata
1469 4237 1518 4302 vel

235 4332 318 4401 turio
341 4335 558 4402 subterraneus
582 4337 719 4401 rhiaoma
742 4336 870 4420 fingens,
894 4335 979 4418 apice
1002 4337 1126 4402 tandem
1149 4358 1313 4424 assurgens
1336 4341 1517 4424 caulemque

235 4437 370 4502 erectum
394 4438 516 4505 sistens.

320 4537 412 4608 Color
434 4541 570 4625 radicum
592 4543 772 4630 plemmqrre
794 4539 1002 4626 ferrugineus,
1025 4541 1076 4610 bie
1099 4543 1164 4612 illic
1187 4565 1356 4632 purpureus
1381 4547 1516 4614 occurrit
1646 4613 1647 4623 ,
