3208 5214
269 315 313 383 20
818 313 991 370 Pettioideas.

269 491 357 557 acute
379 489 568 570 acuminata,
590 491 825 568 subrostellata‚
850 490 963 564 mollis,
986 489 1333 563 tenui-membranacea,
1357 485 1496 550 rutilans
1518 499 1546 548 et

269 594 370 660 badia.
415 593 530 676 Sporae
552 593 696 660 luteciae.
744 595 845 677 Bryol.
870 614 931 659 eur.
955 594 1025 659 Vol.
1049 593 1074 672 Ι,
1097 593 1173 658 Tab.
1197 591 1227 658 6.

269 713 427 780 Piraeeum
456 715 656 780 croroirollom
689 717 772 782 foliis
803 716 1071 799 perichastialibus
1102 716 1209 792 rectis,
1240 715 1351 778 thecae
1380 711 1550 794 pedunculo

375 819 514 896 curvato,
547 819 657 885 Hsorr.
681 819 777 887 Musc.
802 821 902 886 frond.
932 821 1040 904 (Stirp.
1064 821 1178 903 crypt.)
1206 817 1280 883 Tab.
1306 817 1349 882 ll.
1398 816 1489 880 Nsns
1521 821 1547 878 et

377 922 539 987 Honuscn.
568 923 674 1006 Bryol.
697 942 794 1006 germ.
839 925 930 988 Bam.
955 924 1060 1006 Bryol.
1083 922 1167 989 univ.
1211 921 1338 986 Hnnru.
1362 919 1482 984 Skand.
1507 919 1550 982 ΡΙ.

381 1026 429 1091 Da
452 1025 572 1092 Noran.
597 1026 673 1110 Syll.
698 1027 731 1092 et
754 1027 834 1110 Epil.
880 1029 980 1092 Bncs.
1003 1029 1037 1093 ct
1058 1025 1170 1092 Scurs.
1200 1026 1304 1108 Brpol.
1336 1043 1401 1090 eur.
1449 1023 1553 1087 Meua

378 1127 507 1213 Synops.
554 1129 683 1196 Wnsou
705 1131 810 1214 Bryol.
833 1130 913 1196 Brit.

356 1249 465 1314 Haeo.
489 1251 521 1315 in
541 1251 767 1334 campestribus
789 1251 951 1336 glareosis,
974 1253 1006 1316 in
1028 1253 1134 1336 glarea
1157 1252 1343 1317 subarunosa
1365 1251 1406 1314 ad
1430 1251 1551 1314 riarum

270 1355 437 1439 margines,
466 1355 504 1422 ad
538 1375 667 1441 aggeres
697 1357 903 1441 graminosos‚
931 1357 1011 1422 haud
1046 1375 1115 1422 raro
1146 1357 1236 1422 sociis
1260 1355 1366 1419 Pollia
1391 1355 1552 1418 euinurnla

269 1459 301 1524 et
323 1457 482 1541 cerifolio,
506 1459 649 1524 Barbula
671 1461 819 1545 arrrbipuc
841 1463 873 1526 ct
893 1460 1020 1544 fulicae,
1049 1461 1138 1544 Brpo
1161 1467 1305 1545 crpmleo
1328 1463 1359 1522 et
1384 1465 1552 1542 ‹siro-pur·

264 1581 367 1646 pureo
398 1579 451 1644 per
480 1564 581 1628 totam
609 1563 671 1629 iere
699 1565 852 1646 Europam
883 1583 978 1646 usquc
1008 1565 1047 1630 ad
1077 1563 1222 1647 Upsaliae
1252 1563 1478 1638 latitudinem
1517 1563 1553 1626 al

269 1683 372 1730 muros
404 1667 541 1732 vetustos
574 1685 667 1750 prope
701 1668 902 1756 Paroreian
917 1668 1109 1754 (lorishire)
1136 1670 1226 1736 amic.
1249 1670 1304 1734 Dr.
1329 1667 1435 1732 Woon
1469 1667 1554 1748 copi·

270 1768 392 1836 sissimo
413 1771 446 1837 et
467 1771 669 1853 pulcherrime
690 1771 779 1856 legit.

359 1891 468 1956 Fruct.
491 1899 607 1957 matur.
653 1893 741 1958 Vere.

357 2021 414 2080 Ple.
429 2019 548 2096 brpoiria
570 2023 663 2081 multo
687 2021 791 2092 minus,
815 2023 1022 2097 elegantulnm
1045 2022 1187 2082 uberrime
1210 2021 1396 2082 fructificans
1420 2021 1549 2080 eihand

272 2125 337 2168 raro
359 2125 394 2166 ox
417 2109 517 2168 eodem
540 2109 609 2168 liora
633 2110 768 2184 capsulas
790 2110 888 2184 plures
910 2109 1072 2184 proferans,
1101 2126 1158 2184 quo
1185 2109 1220 2167 lit
1248 2113 1282 2167 ut
1310 2109 1459 2184 capsulae
1482 2109 1552 2168 ruti·

270 2194 367 2254 lantes
390 2197 478 2255 dense
501 2199 683 2272 aggregatae
706 2197 884 2270 caespitulos
907 2197 1062 2256 rutilantes
1086 2196 1219 2254 reddant

710 2424 739 2480 5.
776 2423 948 2480 Phanotam
970 2426 1113 2479 rectum.

762 2561 854 2620 Surru
878 2561 953 2620 Flos.
976 2561 1048 2619 Brit.

358 2703 558 2770 Praesadeuti
575 2705 795 2789 magnitudine,
818 2708 925 2772 habitu
942 2710 1032 2792 atque
1049 2707 1210 2792 vegetandi
1228 2707 1320 2772 modo
1345 2707 1555 2772 simillimum.

272 2807 360 2874 Folia
380 2808 487 2891 patula
509 2827 564 2874 nec
585 2811 859 2894 erecto-patentia,
888 2811 1043 2890 breviora,
1072 2811 1200 2888 latiora,
1234 2809 1358 2874 brevius
1384 2809 1556 2892 cnspidsla

273 2909 413 2995 margine
435 2912 585 2990 revoluta,
607 2912 697 2978 dorso
712 2913 889 2980 distinctius
913 2916 1071 2998 papillosa.
1110 2913 1217 2978 Floras
1233 2913 1462 2994 praecedentis.
1497 2913 1558 2974 t'a-

271 3003 376 3100 lyptr'a
397 3035 414 3082 e
435 3015 519 3082 luteo
541 3017 721 3095 inacccssas,
745 3019 872 3083 rostello
887 3019 972 3101 apice
988 3019 1160 3104 nigricante
1183 3017 1381 3082 muricatulo.
1421 3015 1559 3096 Copula

272 3117 303 3184 in
327 3117 474 3202 pedioello
496 3123 597 3186 erecto
620 3124 751 3200 exserta,
775 3124 1012 3208 orato-globosa
1034 3124 1082 3188 vel
1106 3123 1254 3206 elliptica‚
1279 3121 1417 3188 breviter
1439 3121 1559 3186 acrimi-

272 3223 357 3296 nata.
380 3223 545 3306 spiculata,
570 3225 720 3304 subfusca,
744 3225 886 3306 nitidula,
910 3227 990 3293 sicca
1012 3231 1185 3312 corrugata.
1223 3227 1340 3308 Spuma
1354 3225 1555 3310 granulatar.

272 3325 386 3408 pallide
408 3326 521 3394 luteae.
566 3327 670 3411 Bryol.
694 3349 756 3395 eur.
790 3329 902 3408 v01.1‚
925 3331 1001 3396 Tac.
1018 3329 1048 3396 6.

273 3445 431 3512 Piraeeum
447 3455 563 3512 reclino
588 3449 702 3528 accole,
726 3449 808 3515 foliis
823 3451 925 3516 oratis
948 3451 1072 3517 nauticis
1094 3449 1285 3534 patentibus,
1308 3448 1441 3532 capsula
1463 3449 1555 3530 ellip

379 3548 452 3716 tica1
460 3551 605 3718 :aggoeus
627 3553 855 3633 subattonnata,
878 3553 1025 3636 padieello
1048 3558 1141 3620 recto.
1175 3553 1276 3620 Suras
1292 3552 1376 3618 l'lor.
1395 3553 1477 3618 Brit.
1496 3553 1557 3620 lll.

381 3673 411 3736 p.
524 3704 531 3719 .

313 3775 404 3843 Bam.
437 3775 540 3859 Bryol.
574 3777 655 3842 univ.
700 3778 758 3844 Ba.
789 3781 821 3844 et
851 3779 924 3845 Sca.
958 3781 1063 3862 Bryol.
1093 3798 1194 3862 europ.
1242 3779 1291 3844 Da
1320 3779 1444 3844 Neres.
1477 3779 1556 3860 Syll.

377 3887 407 3944 et
428 3877 508 3961 Epil.
549 3879 683 3944 Morum
706 3879 778 3964 Syn.

271 3999 377 4068 Pollio
399 4009 484 4066 recto
506 4001 616 4068 nnnc.

356 4121 465 4188 Habil.
488 4121 519 4186 in
542 4123 628 4188 terra
648 4121 795 4205 argillosa
818 4141 871 4205 por
894 4123 1081 4205 campestria
1096 4123 1279 4207 praeprimis
1296 4123 1434 4208 regionis
1459 4124 1554 4190 mari·

271 4224 369 4294 timae
390 4225 538 4312 Anglias,
561 4225 683 4292 Galliac
706 4225 903 4290 occidentalis
926 4230 958 4290 et
980 4226 1206 4305 meridionalis,
1230 4227 1354 4306 Italiae,
1379 4227 1554 4296 Sardiniae.

269 4331 362 4398 semol
391 4330 423 4396 in
446 4329 523 4396 colle
546 4329 644 4396 calido
666 4327 807 4394 Alsatiae
835 4329 949 4394 lectum
979 4331 1046 4406 est;
1078 4349 1198 4414 semper
1226 4331 1290 4398 lare
1313 4331 1440 4396 Punice
1464 4335 1552 4398 fflor·

268 4431 386 4500 honac
407 4433 593 4503 associatum
616 4433 778 4516 reperitur.

356 4555 465 4621 Facu.
488 4559 604 4618 samen.
636 4551 734 4634 primo
765 4570 848 4626 verer
880 4571 922 4618 m.
950 4551 1116 4620 Februario
1145 4572 1240 4636 prope
1268 4555 1439 4622 l'ollcswne
1462 4557 1554 4640 Angl.

268 4659 402 4740 capsulis
425 4659 558 4740 perlecta
578 4655 710 4722 maturis
733 4653 840 4736 reperi.
