4862 5360
969 339 1169 398 summam.
1646 339 1710 411 277

479 523 592 669 ιιιὶὶιῶι,
618 525 736 600 capsula
766 523 856 600 duplo
885 523 994 584 minora
1026 525 1123 586 erecta
1155 524 1199 586 rel
1232 525 1262 585 in
1289 523 1431 601 pcdicello
1453 524 1583 586 breviore
1606 526 1711 587 leniter

478 627 536 668 urta
566 655 572 668 .

534 697 610 755 Haud
631 699 749 758 dubium
772 700 819 758 est
842 699 997 760 Dillenium
1020 698 1186 775 plantulam
1208 701 1338 759 nuaram
1361 701 1430 759 ante
1454 701 1552 761 oculos
1574 700 1711 762 habuisse

478 797 517 839 un
535 783 743 860 descriptionem
767 787 857 862 atque
877 787 976 848 icones
999 803 1090 861 snpra
1112 786 1219 846 allatas
1241 785 1425 862 designaritl

760 999 792 1054 6.
831 997 1082 1054 Baoomitrium
1102 995 1382 1054 beteroetlobunn

740 1102 886 1163 Tricbost.
909 1104 1048 1163 heterost.
1072 1101 1175 1160 Hunw.
1198 1101 1290 1161 llaec.
1311 1099 1405 1162 troni.

534 1209 673 1294 ennius
694 1217 798 1298 prima
820 1217 922 1282 aetate
945 1215 1122 1294 circulares,
1147 1215 1271 1280 tandem
1295 1213 1395 1298 magis
1417 1212 1537 1279 aranei
1557 1211 1709 1297 irregula-

478 1329 519 1388 Μ,
536 1333 549 1377 θ
566 1316 768 1398 grisco-viridi
792 1321 996 1385 canescentes.
1042 1320 1175 1386 Plantae
1198 1318 1230 1383 in
1252 1317 1352 1384 madio
1373 1317 1507 1401 caespite
1530 1317 1649 1384 erectae
1670 1316 1711 1383 ad

478 1415 596 1486 ueritum
616 1422 768 1490 demissae
792 1427 968 1508 prostratae
986 1425 1165 1507 reptantes,
1189 1425 1240 1490 sat
1261 1423 1444 1509 regulariter
1464 1422 1637 1489 dichotoma
1657 1441 1710 1488 ra-

478 1537 559 1598 uesae,
585 1528 697 1606 parcius
721 1529 1105 1597 fasciculato-ramulosae.
1151 1529 1240 1594 Folia
1261 1528 1394 1611 undique
1415 1526 1556 1610 pontio
1579 1527 1628 1592 uel
1650 1525 1710 1593 tal-

478 1627 659 1709 atosecunda,
685 1632 864 1700 lanceolata
885 1636 917 1699 et
939 1633 1287 1719 elongato-lanceolata,
1318 1632 1453 1710 sumta,
1476 1631 1616 1714 margine
1637 1631 1709 1696 sub·

478 1729 577 1795 resoluta
593 1735 623 1800 ct
643 1736 806 1816 revoluta,
839 1735 872 1802 in
902 1738 997 1821 pilum
1019 1736 1386 1805 lanceolata-subulatum
1407 1735 1478 1819 plus
1501 1734 1602 1801 miuus
1624 1734 1710 1800 elon·

478 1837 552 1912 {etun
570 1841 674 1906 renota
696 1841 864 1908 denatum
887 1843 1038 1920 exeuntia,
1062 1844 1149 1908 costa
1168 1841 1322 1924 depressa.
1367 1839 1516 1924 Calyptra
1536 1838 1601 1905 solo
1624 1837 1711 1921 apice

478 1933 541 2000 liuta.
577 1941 708 2010 mulus
738 1946 871 2028 pulchra
900 1946 1011 2012 luteus.
1057 1944 1188 2028 Capsula
1218 1943 1372 2027 elliptico-
1402 1946 1435 2010 et
1461 1941 1711 2027 eborata-cylin-

478 2035 561 2113 Μ
580 2046 783 2128 nicrostoma,
808 2047 1009 2131 leptoderma,
1031 2049 1165 2127 fulrella,
1188 2051 1293 2115 aetate
1311 2048 1456 2132 provecta
1470 2047 1555 2112 fusca
1570 2046 1602 2113 et
1617 2045 1711 2112 brun·

478 2157 521 2206 la.
555 2146 720 2217 Perietomii
742 2153 854 2218 dantes
877 2153 1069 2238 longitudine
1090 2153 1272 2232 variabiles,
1296 2152 1436 2220 siccitate
1458 2151 1710 2235 nounepeten-

478 2245 516 2308 [ἃ.
550 2251 639 2336 Bryol.
661 2275 723 2323 eur.
747 2257 820 2323 Vol.
835 2258 894 2336 ΠΙ,
917 2258 991 2326 Tab.
1009 2255 1083 2323 265.

479 2361 679 2442 Tbelostomum
699 2379 956 2461 haeresiotam,
979 2379 1062 2446 toliis
1084 2379 1263 2448 lanceolatis
1285 2379 1317 2445 in
1339 2379 1457 2462 apicem
1479 2375 1589 2445 canim
1611 2379 1710 2446 denti·

553 2477 673 2548 culaturn
695 2483 874 2566 productis;
897 2484 996 2550 thecis
1019 2483 1170 2569 oblongis.
1201 2484 1313 2549 Huuw.
1330 2483 1426 2550 Musc.
1442 2481 1594 2562 fronill,
1616 2502 1646 2566 p.
1656 2483 1709 2563 70,

553 2579 615 2650 lab.
635 2585 686 2666 25,
708 2587 810 2672 ejusd.
832 2587 918 2672 Spac.
942 2589 1039 2658 llusc.
1062 2608 1091 2671 p.
1118 2587 1189 2656 109.

505 2677 657 2754 &aalma
680 2690 790 2775 Suppl.
813 2692 840 2758 I.
885 2691 1015 2758 Swunnz
1038 2693 1135 2760 Musa.
1158 2691 1244 2760 Suec.
1290 2691 1466 2759 Wauueua.
1489 2693 1536 2760 ll.
1560 2695 1641 2778 lapp.

479 2795 660 2874 lunonem
684 2812 925 2879 tmosticbum
960 2814 1051 2880 Baro.
1085 2815 1191 2901 Bryol.
1230 2814 1313 2880 univ.
1359 2814 1416 2881 Ba.
1449 2817 1483 2882 et
1505 2814 1578 2882 scs.
1601 2817 1707 2902 Bryol.

553 2927 604 2976 eur.
645 2915 692 2980 De
715 2917 839 2983 Norae.
869 2917 946 3003 Syll.
978 2920 1011 2984 et
1041 2918 1123 3002 Epil.
1169 2919 1293 2984 Ηιιιιιι.
1332 2917 1446 2986 Skand.
1483 2919 1531 2985 Ill.
1576 2919 1707 2987 Wusou

553 3011 643 3097 bryol.
664 3020 745 3086 Brit.

480 3105 598 3181 tannia
617 3122 877 3210 (liccmm'tn'um)
898 3127 1103 3192 mostata
1125 3125 1159 3193 G.
1182 3127 1317 3192 Manen
1338 3126 1467 3211 synope.

480 3207 566 3295 B'tle
586 3224 746 3308 hypnoidcs
768 3227 899 3296 hirsutie
920 3248 1084 3298 canescens
1107 3232 1196 3297 Dran.
1219 3231 1303 3297 Hist.
1328 3231 1426 3298 Musc.

480 3307 526 3380 5³¹·
550 3328 575 3398 l·
608 3329 815 3414 ulopecarum.
861 3333 966 3400 (taulis
998 3335 1160 3420 elongatus
1191 3335 1573 3403 fasciculato-ramulosus.
1619 3336 1707 3404 Folia

553 3427 686 3515 breripila
721 3439 755 3502 et
799 3437 942 3520 subepia,
980 3457 997 3504 a
1034 3439 1207 3506 latescente
1243 3438 1363 3505 visiun
1422 3437 1555 3522 Capsula
1596 3440 1706 3520 minor,

553 3529 833 3620 brevi-pedicelleta.
878 3542 983 3626 Bryol.
1006 3563 1071 3610 eur.
1098 3543 1162 3612 Vol
1186 3543 1245 3621 Ill,
1268 3542 1344 3610 Teb.
1368 3542 1441 3610 266.

481 3621 661 3705 laoniensem
682 3644 884 3730 alopecurum
906 3646 997 3713 Βιιιι).
1020 3647 1124 3732 Bryol.
1150 3648 1234 3714 uuir.

482 3723 681 3811 Trictostomam
704 3749 801 3832 affine
823 3748 990 3817 Scuusuca.
1014 3752 1119 3818 Plaut.
1143 3753 1258 3818 helvet.

482 3827 528 3900 5²¹·
544 3869 565 3924 r·
582 3853 789 3932 procileccene.
821 3855 953 3923 Plantae
975 3856 1162 3941 graciliores,
1185 3855 1306 3940 parcius
1321 3855 1507 3936 ramulosae,
1529 3855 1612 3922 foliis
1636 3875 1706 3923 mu·

555 3949 613 4018 ticis
644 3958 690 4024 rel
717 3960 837 4045 apicula
859 3961 967 4027 ineano
989 3961 1146 4044 perbrevi,
1175 3961 1302 4044 capsula
1323 3960 1461 4041 minuta,
1493 3960 1575 4028 ovali
1596 3961 1628 4028 et
1649 3961 1705 4026 ob-

555 4049 644 4141 longa,
665 4061 786 4130 breviuu
808 4065 1001 4148 poticellats.
1046 4065 1151 4150 Bryol.
1174 4085 1237 4132 eur.
1260 4065 1282 4132 l.
1306 4085 1332 4132 c.

541 4167 630 4243 fleti.
644 4179 675 4246 in
689 4185 811 4269 rupibus
832 4187 866 4252 ct
881 4185 963 4253 saris
979 4186 1134 4269 quarrosis
1150 4187 1283 4273 regionis
1299 4188 1462 4254 montanae
1478 4187 1509 4252 et
1524 4183 1705 4270 campestris

483 4267 563 4378 lulag
593 4279 661 4352 locis
698 4290 758 4358 soie
797 4291 1023 4375 copiosissime:
1062 4291 1094 4358 in
1134 4294 1254 4378 Vogeso
1293 4291 1435 4358 interiore
1468 4291 1502 4358 et
1532 4289 1564 4356 in
1594 4288 1705 4374 Sylva-

483 4381 550 4454 lgna,
568 4383 611 4449 ubi
629 4387 658 4456 in
679 4395 796 4462 ericetis
819 4415 893 4462 saxa
917 4396 1059 4462 arenaria
1078 4397 1229 4482 obtegita
1246 4390 1487 4481 vulgatissimis3
1509 4413 1575 4460 rar.
1591 4399 1612 4474 β
1626 4391 1703 4458 locis

484 4465 721 4661 {3423an
741 4500 907 4566 monbuae
929 4518 1023 4583 usquc
1044 4499 1076 4567 in
1099 4498 1314 4585 subalpinam,
1338 4500 1370 4565 et
1392 4497 1550 4584 praecipue
1572 4497 1605 4564 iu
1627 4513 1702 4561 eona

543 4685 635 4763 lma,
656 4711 764 4772 ιιιαιιιν.
786 4725 866 4774 uera.
