3054 5238
510 368 725 428 Iicntimlanue.

441 707 660 846 Series
694 705 792 840 Π.

336 945 897 1102 Pleurecarpae.

69 1217 171 1282 Floras
194 1215 358 1299 utriusque
380 1235 470 1282 serus
491 1215 524 1282 in
545 1216 632 1282 caule
653 1214 800 1298 primario
822 1215 872 1280 vel
894 1214 925 1278 in
948 1213 1042 1280 ramis
1066 1211 1254 1278 secundariis

6 1339 25 1383 τι
45 1321 122 1402 apice
143 1319 492 1386 innovando-continuis
515 1319 760 1405 gemmilcrmes,
782 1317 865 1383 loliis
889 1315 1050 1395 stillares,
1069 1315 1152 1382 ¹uude
1173 1316 1256 1381 fruc·

6 1441 38 1486 us
57 1443 168 1507 eernpcr
190 1424 343 1490 lateralia.
770 1451 772 1456 ¹

507 1562 670 1646 Tutus
697 1561 734 1644 1.

384 1699 844 1784 lunttnalaceac.

70 1873 165 1942 llusci
188 1875 326 1958 aquatici
348 1875 553 1953 tenuicaulcs,
586 1872 700 1940 ramosi
724 1873 755 1938 et
777 1868 944 1947 ramulesi,
976 1869 1041 1935 sola
1064 1868 1131 1934 basi
1154 1865 1257 1946 adfixi,

6 1979 131 2042 aetum
162 1979 248 2046 haud
278 1979 327 2046 vel
349 1998 439 2062 parce
460 1977 643 2044 radicantes.
689 1975 777 2042 solia
798 1975 958 2051 tristicha,
991 1973 1115 2051 unua,
1146 1971 1256 2051 laevia,

6 2080 82 2146 larius
96 2083 299 2168 angrrstiuere
314 2083 470 2168 hcragcne
485 2080 871 2157 rhemnona-reticulata,
895 2098 983 2162 parce
999 2075 1257 2162 chlorophyllcsa,

6 2185 69 2248 asta
89 2186 173 2253 nulla
196 2186 249 2252 vel
271 2188 403 2270 angusta
425 2186 587 2253 instructa.
618 2184 725 2250 Fleres
748 2183 780 2249 in
803 2184 889 2249 caule
911 2181 1057 2266 primario
1081 2180 1129 2247 vel
1151 2179 1182 2244 in
1205 2199 1258 2246 ra·

6 2285 47 2351 nis
66 2289 263 2370 secundariis,
285 2292 523 2375 gemmilormes.
557 2289 708 2356 Remulus
732 2288 957 2372 perichaetialis
980 2285 1173 2372 longitudine
1194 2271 1258 2351 me

6 2387 77 2456 liccri
98 2393 162 2460 basi
183 2413 259 2460 rare
281 2393 439 2473 radicare,
472 2412 601 2478 superne
631 2394 663 2458 iu
695 2392 875 2476 vaginulam
905 2390 1147 2467 transmutatus3
1179 2389 1258 2474 peri-

6 2493 131 2562 daetiunt
165 2499 260 2564 dense
290 2497 488 2564 imbricatum
510 2497 560 2563 vel
581 2495 742 2581 saginans.
787 2494 935 2580 Calyptra
957 2493 1061 2561 conica
1083 2495 1132 2560 vel
1153 2495 1258 2562 cucul-

6 2597 59 2676 lata
79 2601 166 2668 nuda.
214 2601 348 2684 Capeula
369 2601 514 2668 immersa
541 2600 591 2666 vel
612 2600 748 2666 brevite
769 2600 902 2677 asarta,
925 2596 1104 2682 peristomie
1126 2598 1256 2682 duplici;

6 2703 96 2768 ammi
116 2705 227 2772 dentes
247 2705 286 2771 16
303 2704 397 2790 lengi,
419 2705 556 2784 lineales,
580 2705 756 2771 transverse
770 2703 938 2783 articulati,
961 2702 1045 2768 intus
1061 2702 1256 2782 trabeculati,

6 2805 93 2872 ntemi
122 2809 197 2875 cilia
231 2808 361 2876 totidem
384 2808 532 2876 subliberi
554 2806 604 2874 vel
626 2807 792 2874 trabeculis
816 2805 1071 2874 transversalibus
1093 2805 1125 2871 in
1147 2825 1256 2873 anum

6 2907 215 2980 [dannatum
237 2913 425 2980 clathratum
447 2911 612 2995 conjuncti.

534 3085 649 3156 rem.
675 3085 709 3155 1.

422 3205 811 3290 Fontinaleae

68 3359 152 3426 Folia
174 3362 323 3428 ecestata
354 3359 502 3445 Calyptra
524 3379 629 3443 parva,
651 3360 767 3427 conica.
803 3358 938 3442 Capsula
961 3352 1147 3441 perichaetio
1162 3375 1255 3440 supra

6 3457 88 3528 aliurn
109 3464 212 3530 fertile
233 3463 283 3530 vel
304 3463 476 3530 lateraliter
499 3465 614 3554 inserte
637 3463 799 3530 imbricato
821 3457 982 3540 immersa,
1006 3455 1181 3525 subsessllis
1204 3461 1255 3526 vel

6 3565 105 3632 casilia.
150 3567 307 3652 Vaginnla
344 3567 466 3651 propria
504 3566 608 3650 spuria
640 3563 879 3634 membranacea.
924 3561 1105 3630 Peristomii
1138 3565 1255 3630 erwrni

6 3663 85 3736 lentae
106 3671 251 3751 lineales,
280 3673 371 3738 dense
394 3671 570 3751 articulati,
604 3669 689 3738 intus
711 3669 877 3736 latiuscule
899 3665 1081 3734 trabeculati
1103 3669 1151 3734 rel
1181 3668 1254 3735 sub-

8 3773 140 3854 auellcsi,
163 3775 247 3841 linea
261 3774 420 3842 divnmali
434 3773 549 3841 dorsali
563 3773 686 3860 integra
706 3773 755 3838 vel
770 3773 905 3855 pertusa,
928 3769 1017 3836 valde
1032 3769 1254 3856 hygrcscopici,

6 3891 41 3936 ue
66 3895 146 3943 mere
174 3877 341 3962 purpurei;
371 3879 484 3945 intend
515 3879 587 3944 cilia
608 3879 641 3943 in
663 3895 773 3944 conum
795 3873 1097 3957 carinula-plicatum
1128 3876 1254 3959 pulchre

6 3973 165 4048 rauranum
180 3981 345 4066 wnJuncti.
391 3981 505 4065 Speras
527 3981 683 4058 minimae,
728 3976 891 4046 Habitetis
914 3975 1066 4060 aquatica.

466 4157 546 4236 den.
574 4155 773 4236 Fontinalis.

449 4285 569 4345 Dinaea.
592 4285 669 4344 Hist.
693 4285 784 4343 llusc.

70 4394 196 4462 Plantae
218 4397 390 4480 speciosae,
412 4397 445 4463 iu
469 4419 547 4482 aqna
568 4398 762 4476 fluctuantes,
785 4395 873 4462 caule
894 4391 982 4459 tenu
1003 4391 1102 4457 solide
1123 4388 1254 4457 radca-

6 4495 182 4566 alc-ramcao
203 4502 236 4566 et
256 4517 336 4585 rege
351 4501 515 4568 mmulcm
545 4503 634 4568 Folia
655 4500 747 4567 valde
770 4516 903 4565 concava
924 4496 973 4561 vel
995 4495 1084 4560 auce
1106 4492 1254 4573 adnata,

6 4598 91 4678 Νὴ,
112 4602 226 4682 unna,
248 4605 381 4688 anguste
402 4593 615 4672 rhe'mbnideo·
636 4604 686 4672 vel
700 4597 1117 4676 snbvermiculari-sreelata,
1139 4595 1171 4660 in
1186 4595 1255 4678 plu·

6 4697 76 4768 sinis
105 4703 143 4770 ad
175 4705 306 4792 angeles
337 4705 486 4774 badlares
509 4709 683 4776 cannata
705 4706 863 4791 laxiusque
884 4704 981 4771 terta.
1025 4698 1254 4782 Floralicias,
