3188 5230
293 263 353 328 112
821 261 1042 320 Fissidentaeeae.

291 437 454 503 Fissidens
476 437 566 502 acilia
591 436 874 521 subincenspicuus,
897 438 979 504 foliis
1002 439 1106 521 paucis
1125 439 1307 505 lanceolatis
1322 438 1477 514 distichis,
1495 457 1544 520 spo
1581 519 1582 530 ἵ

401 538 508 624 cangio
529 539 660 623 oblongo
676 542 786 614 erecto,
803 541 975 622 peristomii
991 541 1133 607 dentibus
1149 541 1296 623 profunde
1310 541 1433 608 divisis.
1464 542 1544 606 Hau.
1581 549 1582 608 1

400 643 486 726 Spec.
509 644 607 709 Muso.
633 643 705 720 152,
728 643 803 708 Tab.
821 643 872 709 38.

337 747 467 812 Wmsou
489 749 594 831 Bryol.
618 748 697 812 Brit.

292 851 416 935 Bryom
438 852 612 915 c=iriduiam
635 853 743 917 Dreros.
768 850 873 935 Crypt.
897 852 970 916 fasc.
995 851 1089 936 (teste
1112 851 1265 934 Wmsos).

291 956 473 1022 Diaconum
494 957 667 1021 viridarium
690 955 791 1022 Smru
814 956 905 1040 tingi.
930 957 999 1023 Bot.
1022 955 1103 1040 (icon
1126 975 1181 1021 nec
1203 955 1398 1040 deserimini)

292 1061 456 1126 Fissidcns
479 1061 628 1126 Blocomr'
649 1061 780 1126 Wrnsou
812 1061 843 1125 in
866 1061 962 1126 Lond.
993 1061 1100 1126 Journ.
1123 1061 1194 1126 Bot.
1220 1060 1312 1126 1845.
1359 1061 1423 1128 Ba.
1447 1063 1475 1126 ei
1494 1060 1548 1126 Sca.

405 1165 511 1248 Bryol.
534 1183 598 1232 eur.

380 1287 489 1352 Habit.
511 1286 550 1352 ad
572 1305 703 1371 aggeres
725 1286 905 1365 umbrosos,
929 1287 960 1351 in
983 1288 1067 1352 terre
1089 1285 1249 1370 sylvatica,
1271 1285 1310 1350 ad
1334 1305 1413 1352 sara
1437 1285 1550 1354 aremrir

294 1390 535 1468 humidiuscula,
566 1409 620 1472 per
647 1391 804 1474 regionem
831 1391 1034 1472 campestrem
1057 1408 1149 1454 zonae
1170 1388 1372 1454 intermediae
1397 1393 1434 1456 et
1454 1398 1551 1472 sepeu-

291 1495 435 1560 trienniis
455 1494 621 1574 caiidioris,
644 1494 825 1577 praeprimis
841 1495 873 1560 in
891 1494 1017 1579 buglis,
1038 1495 1191 1560 caeterum
1206 1493 1288 1558 baud
1303 1513 1396 1560 rarus
1414 1495 1446 1560 in
1460 1494 1551 1561 Gallia

291 1599 400 1666 Sneeia
420 1601 513 1682 atque
534 1598 719 1676 Germania,
751 1598 804 1664 sed
833 1618 923 1682 saepe
956 1597 1162 1680 praetervisus
1194 1599 1247 1663 ant
1278 1617 1348 1664 cum
1373 1597 1551 1682 praecedam

292 1703 506 1769 commutatus.

382 1807 491 1872 Fruct.
515 1813 631 1872 romam.
655 1807 772 1890 hyeme.

378 1937 405 1996 Α
427 1939 468 1996 F.
483 1935 603 2010 brpor'dc
625 1936 723 1996 differt
744 1935 823 1995 foliis
846 1936 924 1994 band
947 1933 1311 2010 incrassato-marginatis,
1335 1935 1555 1994 crcuulatodra·

291 2024 431 2094 ticulatis,
446 2024 565 2083 floribus
581 2023 718 2082 masculis
733 2043 748 2080 e
764 2023 829 2082 basi
846 2022 891 2081 uel
908 2041 922 2080 e
946 2022 1083 2081 radiculis
1105 2022 1304 2087 nascentibus,
1328 2023 1442 2082 annulo
1464 2023 1555 2080 larisa.

378 2110 523 2185 Hedwigii
547 2110 703 2185 descriptio
727 2112 756 2168 et
779 2109 842 2168 icon
865 2110 1026 2168 satiacum
1049 2109 1152 2183 planta
1176 2127 1194 2167 a
1216 2109 1301 2167 nobis
1325 2111 1382 2168 snb
1407 2107 1554 2168 nominel'.

292 2199 432 2258 Bioaami
463 2199 550 2256 Wms.
581 2197 610 2256 in
634 2197 731 2272 Bryol.
754 2215 814 2255 eur.
843 2197 991 2255 delineata
1024 2196 1216 2261 conveniunt,
1248 2199 1281 2254 nt
1304 2198 1431 2255 candem
1453 2193 1556 2270 spat-n

294 2301 356 2344 esse
373 2285 524 2366 putemus.

711 2423 741 2478 8.
773 2420 949 2478 Fissidens
972 2421 1149 2478 incurvus.

677 2559 835 2618 Dicranum
858 2560 1009 2619 incurvum
1033 2559 1077 2617 W.
1101 2561 1130 2617 et
1154 2559 1191 2616 bl.

382 2693 496 2758 Planta
519 2691 640 2774 pusilla,
664 2691 799 2777 gracilis,
822 2712 840 2758 e
861 2692 931 2759 basi
952 2691 1105 2758 declinata
1127 2708 1302 2773 assurgens,
1326 2687 1409 2754 band
1426 2705 1494 2752 raro
1508 2703 1563 2748 sur·

294 2797 372 2862 culis
403 2796 561 2862 sterilibus
588 2796 657 2862 basi
688 2797 896 2863 radicantibus
920 2797 1082 2862 instructo.
1128 2794 1215 2860 Folia
1246 2793 1415 2876 explanata
1449 2789 1494 2856 rel
1522 2787 1565 2850 de

294 2919 398 2978 curua,
421 2899 670 2982 curali-oblongo·
691 2901 724 2965 et
746 2900 1061 2978 lineali-lanceolata,
1084 2897 1200 2964 lamina
1231 2896 1373 2962 porticali
1404 2893 1566 2960 lanearum

225 3087 227 3094 .
294 3003 463 3086 spiculata,
495 3021 589 3085 usque
612 3003 678 3081 sub,
708 3005 808 3070 rarius
837 3005 869 3068 in
892 3005 1009 3086 apicem
1031 3003 1127 3069 limbo
1149 3003 1338 3086 perangusto
1359 2999 1568 3064 circumduc..

295 3107 362 3173 lolii
393 3107 490 3190 ipsius
523 3107 582 3172 alis
614 3107 707 3173 latius
731 3107 887 3187 limbatis,
918 3109 1013 3174 limbo
1046 3107 1133 3172 basin
1156 3123 1262 3170 uersus
1286 3103 1404 3170 sensim
1430 3103 1568 3166 dilatat:

295 3213 381 3277 costa
413 3211 469 3277 sub
498 3211 582 3293 apice
605 3211 781 3295 plerumque
803 3213 915 3279 leuiter
937 3230 1025 3278 eroso
1048 3209 1177 3276 evanida
1199 3208 1248 3273 uel
1272 3207 1303 3272 in
1327 3207 1488 3289 apiculum
1509 3223 1570 3268 cra

294 3316 391 3380 tinua.
436 3313 508 3378 Flos
529 3315 681 3380 masculus
697 3315 729 3380 in
746 3315 867 3381 ramulo
882 3315 1003 3398 proprio
1020 3313 1117 3379 fertili
1133 3310 1228 3376 simili
1244 3310 1438 3386 terminalis,
1461 3307 1582 3392 dipht-¹

295 3417 361 3495 lus,
384 3418 457 3484 folia
480 3417 596 3484 lamina
620 3419 759 3484 verticuli
783 3421 818 3484 ut
840 3420 913 3484 folia
935 3417 1057 3484 caulius
1079 3417 1240 3482 instructa.
1285 3413 1425 3496 Capsuia
1449 3413 1563 3494 obliqua

295 3522 514 3600 horizontaiis,
537 3541 607 3589 raro
629 3524 750 3600 erecta,
773 3523 903 3606 pusilla,
934 3522 1041 3590 ovaiis.
1087 3521 1269 3603 Opcrcuium
1293 3519 1439 3586 conicum
1464 3518 1571 3584 braic·

297 3626 459 3710 longiusuo
482 3626 688 3692 rosteliatrrm.
735 3627 839 3710 Bryoi.
863 3647 926 3692 eur.
951 3625 1019 3692 Vol.
1044 3627 1069 3704 i,
1092 3625 1167 3692 Tab.
1184 3623 1237 3690 99.

295 3747 476 3814 Dircaeum
500 3747 665 3811 inmercum
695 3749 781 3812 caule
811 3748 982 3824 declinat03
1017 3749 1084 3814 seta
1106 3745 1282 3824 terminali3
1314 3745 1490 3830 sporangio
1514 3743 1582 3834 suta}

407 3869 527 3930 cernuo,
550 3853 679 3917 nutante
704 3850 753 3916 W.
776 3853 808 3916 et
831 3852 874 3918 M.
897 3854 967 3917 Bot.
991 3851 1121 3918 Tascbb.
1138 3870 1167 3933 p.
1190 3849 1260 3916 162.

301 3955 461 4021 Fr'ssiderrs
484 3955 634 4021 incurvos
658 3953 843 4020 Scuwnans.
867 3955 971 4038 Suppl.
996 3955 1036 4020 ll.
1069 3955 1126 4019 Bo.
1148 3957 1181 4020 et
1204 3953 1276 4018 Sca.
1302 3951 1411 4035 Brp'ol.
1439 3973 1507 4018 cnr.

297 4059 462 4125 Fissr'dcnc
485 4059 642 4124 virirlrdus
665 4059 763 4124 W1LS.
788 4060 893 4142 Bryoi.
916 4061 995 4124 Brit.
1019 4061 1050 4126 et
1072 4057 1203 4124 aliorum
1226 4077 1262 4123 ex
1286 4059 1386 4140 parte.

297 4163 462 4228 Fissideas
485 4161 760 4245 tornorr'oda'solr'rrs
782 4163 871 4230 Baio.
897 4163 1000 4247 Bryol.
1024 4163 1106 4228 univ.

387 4285 468 4350 llub.
491 4284 524 4350 in
555 4286 638 4350 terra
659 4285 802 4352 umbrosa
824 4285 1006 4369 praeprimis
1029 4281 1341 4364 acarasseon-argillosa
1367 4283 1406 4346 et
1431 4283 1574 4368 argilla·

298 4389 471 4472 postetam
495 4387 660 4470 Europam.

385 4491 493 4556 i‘ract.
518 4499 632 4556 erratur.
657 4491 755 4574 primo
779 4511 858 4559 vere.

384 4599 479 4676 stirps
502 4619 587 4676 quam
611 4601 734 4660 marimo
758 4603 916 4674 variabilis,
940 4601 1057 4662 difficile
1081 4601 1254 4662 delinienda.
