3316 5262
294 287 358 358 rte
845 287 1011 358 Erum·

292 462 466 546 spiculata,
489 481 636 541 concava,
659 463 797 548 margine
819 462 909 545 pleno
933 463 1041 546 argute
1062 463 1231 540 serrulsta,
1264 461 1329 528 basi
1350 461 1446 538 lutea,
1466 464 1543 528 costa

293 567 416 634 omnino
446 567 530 632 nulla
558 567 608 632 vel
638 566 768 633 marimo
796 567 1027 634 rudimenturia.
1073 565 1256 633 Perichaetii
1278 567 1458 651 longiusculi
1478 566 1544 632 lolia

292 670 414 737 interna
432 669 674 753 subvaginsutis,
696 670 842 753 profunde
857 671 986 748 sulcata,
1008 673 1094 736 costa
1115 670 1250 756 simplici
1271 670 1415 753 pertenui.
1444 669 1545 753 Calyp-

292 776 343 840 tra
366 773 544 857 majuscula.
589 772 723 856 capsula
744 776 989 852 erecto-cernua,
1012 775 1143 858 angusto
1164 773 1305 859 oblonga,
1328 773 1438 857 pallide
1458 773 1547 838 ierru·

293 877 393 962 ginea,
409 876 548 960 operculo
564 896 675 963 magno
691 877 801 943 citrino
815 877 1005 957 acutirostri,
1020 876 1133 944 annulo
1154 879 1287 962 angusto
1303 877 1442 960 simplici.
1471 875 1548 942 Psri·

293 981 396 1047 stomii
417 982 523 1047 dentes
537 982 729 1060 breviusculi,
751 984 867 1062 tenues,
890 982 1008 1066 pallidi,
1031 983 1114 1049 intus
1136 983 1310 1061 inmellosi3
1333 1001 1487 1068 processus
1500 1001 1549 1046 an·

293 1085 387 1170 gusti,
409 1086 598 1172 subintegri,
620 1086 693 1153 cilia
715 1087 863 1167 breviora,
886 1088 953 1170 plus
976 1087 1115 1154 minusue
1137 1086 1325 1171 imperfecto.
1371 1087 1472 1173 Bryol
1493 1107 1549 1153 eur.

293 1189 362 1254 Vol.
385 1188 441 1269 VI,
463 1190 539 1256 Telo.
562 1188 636 1258 586.
1174 1213 1177 1218 ·

294 1311 449 1397 Hypuum
465 1311 640 1396 pallescere
661 1311 800 1396 (Huuw.)
819 1310 880 1376 Be.
902 1313 976 1377 mst.

293 1415 449 1500 Hypo-um
471 1413 702 1479 Flotoroicrsum
724 1413 858 1481 Suuuuu.
882 1415 954 1480 mat

294 1517 414 1583 merea
430 1517 590 1604 puemitia
613 1519 752 1602 (Hsuu.)
774 1519 895 1584 Kouni.
919 1520 992 1584 mst.

380 1637 489 1703 Helii.
519 1636 551 1702 in
585 1639 728 1704 arborum
749 1637 932 1721 praesertim
955 1657 1147 1704 aceroanrum
1169 1639 1285 1706 truncis
1308 1642 1342 1706 et
1364 1640 1489 1706 ramulis
1510 1659 1554 1706 uec

292 1758 354 1806 non
376 1740 416 1807 ad
437 1741 523 1826 ligna
545 1739 720 1819 introistis,
743 1761 813 1808 raro
834 1743 873 1808 sd
896 1762 969 1812 sexa
991 1743 1123 1828 regionis
1147 1747 1311 1810 montanae
1334 1743 1509 1828 superioris:
1530 1743 1553 1806 in

293 1863 334 1911 m.
352 1843 502 1931 Fetdterp
522 1845 753 1931 Syleos-nigrae
774 1847 844 1930 (Au.
860 1847 972 1912 Buauu
993 1848 1025 1912 et
1047 1865 1103 1931 ego
1126 1847 1214 1932 ipse),
1237 1849 1358 1930 copiose
1381 1847 1412 1912 in
1436 1847 1553 1917 spretis

292 1949 344 2014 ubi
359 1949 445 2015 Nuus
467 1950 583 2032 primus
603 1949 680 2034 legit
694 1950 885 2034 (Knuuruas,
907 1950 1095 2036 Seuerum),
1115 1951 1148 2016 in
1174 1971 1215 2018 m.
1233 1951 1384 2018 Bructero
1399 1950 1555 2034 Hercyniae

292 2053 449 2140 (illurn),
480 2053 513 2119 in
543 2073 582 2120 m.
611 2053 808 2140 Selmetopf
833 2055 939 2122 Saltus
969 2055 1118 2140 Thuring.
1149 2055 1201 2140 (Δ.
1226 2056 1347 2138 Rosu);
1386 2055 1419 2119 in
1446 2055 1555 2136 lluropa

292 2156 507 2223 erarissimia.
551 2157 596 2222 ur
619 2157 762 2224 Americo
785 2160 862 2242 sept.
885 2160 924 2225 cl.
947 2158 1131 2226 Druuuouo
1155 2160 1274 2243 copiose
1297 2159 1398 2226 misit.

383 2261 492 2328 Fruct.
516 2270 632 2327 matur.
655 2264 783 2329 aestate.

382 2389 521 2449 Plantula
542 2390 687 2465 pulchella
710 2409 725 2450 e
747 2391 872 2450 minimis
894 2393 1025 2467 generis,
1053 2411 1071 2452 a
1100 2392 1232 2467 pluribus
1261 2393 1436 2452 auctoribus
1467 2391 1554 2468 ignota

295 2475 341 2535 uel
363 2493 426 2534 cum
449 2475 488 2535 H.
511 2479 609 2554 reptili
630 2480 827 2549 commutata,
850 2495 906 2554 quo
929 2480 1020 2539 multo
1044 2479 1137 2538 minus
1160 2481 1205 2538 est
1227 2483 1257 2538 et
1280 2480 1432 2550 tenerius;
1461 2479 1555 2538 recedit

297 2563 416 2638 insuper
438 2563 493 2624 reti
516 2565 610 2624 minus
633 2565 730 2636 denso,
753 2565 830 2625 foliis
852 2565 1109 2641 perichaetialibus
1132 2567 1306 2627 unicostatis
1328 2583 1386 2626 nec
1409 2565 1555 2632 bicoststis,

295 2651 403 2716 annulo
426 2651 558 2726 simplici,
580 2652 745 2727 peristomio
767 2653 886 2712 minore.
931 2653 1075 2729 Heduigii
1092 2653 1201 2713 Leukeo
1217 2655 1384 2730 pollescens
1399 2651 1554 2713 verosimili·

295 2738 340 2795 ter
361 2738 398 2796 ad
421 2737 460 2796 H.
475 2741 576 2816 reptile
590 2739 771 2798 referendum
786 2743 844 2811 est3
867 2741 946 2799 haud
963 2743 1047 2815 patet
1062 2743 1163 2800 contra
1180 2743 1249 2817 quid
1264 2743 1303 2801 sit
1318 2742 1436 2802 Mulieri
1451 2741 1488 2800 Η.
1497 2739 1554 2818 pol·

294 2825 398 2884 lesccrm
419 2826 452 2884 P.
475 2825 508 2885 Β.

723 3003 775 3058 28.
806 3001 974 3070 Hypnum
987 3000 1132 3094 reptile.

670 3123 755 3182 lt1eu.
778 3123 807 3182 in
831 3123 919 3182 tirou.
941 3123 984 3183 ul.
1007 3123 1102 3183 Amor.
1125 3124 1186 3183 bor.

382 3253 565 3320 Monoicum.
595 3253 752 3339 caespites
774 3254 910 3334 demissi,
932 3253 1031 3320 laxius
1053 3255 1181 3334 extensi,
1204 3255 1398 3338 strepentes,
1421 3254 1498 3320 lscte
1512 3250 1551 3315 rel

294 3356 407 3440 pallide
429 3357 733 3436 intercepti-virides,
755 3377 810 3440 pro
833 3376 918 3424 more
939 3357 1133 3424 fertilissimi.
1163 3356 1267 3424 Gauiis
1290 3377 1465 3441 prorepens,
1486 3353 1552 3420 cliri-

295 3481 356 3540 sus,
381 3463 575 3545 subpinnato
591 3463 625 3530 et
639 3462 966 3547 pinnato-remulcens,
989 3464 1117 3530 ramulis
1140 3464 1172 3529 in
1190 3463 1291 3530 medio
1305 3462 1443 3548 caespite
1456 3457 1551 3527 erectis

293 3565 444 3646 brevibus,
467 3567 553 3650 apice
574 3567 718 3634 incurvis.
763 3567 852 3634 Folia
883 3567 975 3635 deuse
1007 3569 1160 3648 conferte,
1189 3567 1551 3636 nomenatoimoncaa

294 3670 624 3755 oblongo-lanceolata,
646 3670 930 3750 tenni-acuminata,
954 3672 1038 3756 apice
1060 3673 1169 3758 argute
1184 3673 1314 3752 serrata,
1338 3689 1469 3739 concers
1482 3685 1550 3734 mar·
1634 3725 1635 3744 ,

294 3775 366 3860 gine
386 3793 521 3855 recurva,
543 3778 629 3842 coste
650 3775 781 3862 gemella
803 3777 888 3842 tenui
909 3774 1046 3859 perbrevi
1068 3777 1254 3852 lucescente
1289 3775 1481 3860 paraphyllia
1501 3769 1550 3836 mi·

294 3879 378 3958 nute,
401 3897 508 3963 peuce,
530 3879 703 3948 lanceolata
717 3881 767 3947 uel
782 3881 928 3964 palmata.
959 3879 1145 3946 Perichaetii
1159 3879 1344 3966 longiusculi
1366 3881 1434 3946 lnrs
1454 3873 1550 3944 imbri·

294 3982 357 4050 cati
378 3981 453 4048 iulia
473 3982 595 4050 interne
617 3984 708 4069 longe
723 3985 907 4063 acuminata,
930 3983 1044 4068 pluries
1060 3983 1190 4063 sulcata,
1213 3983 1376 4063 bieostats,
1398 3983 1480 4066 apice
1494 3997 1548 4044 ser·

296 4088 374 4152 rata.
419 4085 551 4171 (lapsula
575 4090 731 4156 suberecta
753 4088 802 4154 vel
825 4089 936 4155 leniter
956 4107 1086 4168 cernua,
1117 4088 1255 4154 siccitate
1284 4087 1433 4154 orificium
1456 4101 1547 4150 versus

293 4189 434 4269 incurva,
457 4191 805 4278 cylindraceo-oblonga,
828 4192 927 4260 dilate
948 4191 1111 4271 ochraoes,
1134 4191 1273 4275 operculo
1295 4209 1408 4276 magno
1429 4190 1546 4264 intent

294 4293 360 4358 basi
382 4312 513 4360 convers
542 4295 738 4375 tenuirostri,
770 4295 884 4361 annulo
916 4295 1036 4362 latiore.
1081 4295 1258 4362 Peristomii
1279 4295 1384 4362 dentes
1406 4291 1545 4360 subuhto

295 4397 471 4478 acuminati,
493 4397 608 4465 inferne
623 4398 770 4478 aurentii,
792 4417 919 4481 superne
934 4398 1057 4482 palliolm
1080 4417 1238 4482 processus
1262 4397 1430 4480 interrupte
1443 4389 1543 4466 mosi.

294 4499 395 4565 ciliola
418 4501 606 4584 perfectiora.
650 4500 756 4586 Bryol.
784 4521 846 4568 eur.
869 4502 938 4568 Vol.
956 4503 1009 4582 Vl,
1033 4502 1108 4570 lab.
1125 4501 1198 4568 587.

296 4619 450 4706 Hypsaeum
472 4625 580 4709 reptile
602 4623 801 4704 minutulum,
828 4623 1085 4710 adusto-repens,
1111 4621 1449 4708 pinnato-ramulorum,
1470 4613 1541 4684 felis
