3072 5240
562 313 703 384 Erum
1208 312 1272 382 439

16 495 142 573 clatum,
163 493 292 560 dilutius
308 511 505 575 purpureum,
527 488 760 568 nitidissimum,
783 488 923 556 siccitate
937 489 1004 556 basi
1019 489 1186 556 dilatatum
1201 509 1272 556 con-

16 599 239 676 uro-conicum,
262 598 354 682 longe
375 595 551 680 persistens.
598 593 780 662 Peristomii
802 594 921 662 externi
943 595 1050 662 dentes
1073 594 1139 662 basi
1161 595 1272 662 ruben-

15 725 52 778 ιι,
73 702 187 769 interni
211 719 369 785 processus
392 701 587 778 latescentes,
611 699 753 766 siccitate
771 691 794 765 t
816 698 959 766 dentibus
975 697 1109 766 incuruis
1124 698 1271 783 depressi.

15 811 107 891 lporae
129 808 241 874 luteae
286 807 389 890 Bryol.
407 825 470 872 our.
488 804 557 870 Vol.
574 804 629 884 IV,
652 804 727 870 Tab.
744 803 818 870 378.

15 949 140 1024 lenum,
176 946 384 1024 Scasuson,
406 945 525 1008 Burosn
546 962 572 1009 e.
596 961 625 1009 a.
649 942 788 1026 plantam
811 942 890 1008 hanc
912 940 1180 1008 distinctissimam
1203 961 1272 1008 mor

101 1071 170 1117 cum
202 1051 332 1115 Webero
352 1071 479 1128 corneo,
501 1067 571 1115 mor
593 1067 662 1114 cum
686 1049 774 1133 Brpo
797 1046 1032 1132 erythrocorpo,
1056 1067 1125 1112 mor
1147 1046 1273 1114 tandem

99 1175 169 1222 cum
201 1157 291 1241 Bryo
308 1155 463 1241 pulcdetlo
494 1153 766 1230 commiscuerunt3
797 1171 888 1235 quam
921 1149 960 1218 ob
990 1171 1055 1218 rem
1088 1171 1149 1218 non
1179 1151 1272 1230 ultra,

100 1281 149 1326 me
168 1259 293 1344 judico,
325 1259 355 1325 in
387 1259 495 1324 homm
527 1258 685 1324 auctornm
717 1255 897 1340 synonymia
920 1256 1100 1324 elucidanda
1121 1257 1273 1324 desudan-

98 1367 171 1432 dum
196 1367 260 1432 est!

13 1487 115 1570 lupum
137 1495 424 1573 otropcrpureum
447 1487 504 1551 Bu.
536 1486 567 1551 et
596 1483 669 1552 Sos.
700 1485 804 1568 Bryol.
836 1503 899 1550 aur.
922 1487 975 1570 (an
997 1505 1103 1552 revera
1126 1485 1216 1552 Wre.
1240 1486 1273 1552 at

98 1593 232 1672 rsonae)
256 1593 304 1658 De
326 1591 445 1658 Νιτιι.
469 1589 544 1675 Syll.
569 1591 601 1655 et
623 1589 705 1673 llpil.
751 1588 785 1654 O.
809 1589 942 1656 nurum
965 1589 1095 1674 Synops.
1141 1589 1272 1657 Wrrsou

99 1697 206 1782 Bryol.
232 1695 313 1762 Brit.

12 1819 112 1902 lupum
138 1817 405 1904 erythroccrpum
428 1815 518 1881 Baro.
542 1815 647 1900 Brpol.
671 1814 764 1895 univ,
787 1833 841 1899 pro
864 1815 960 1897 paru.

77 1959 188 2024 Haeo.
221 1957 262 2022 ad
295 1958 410 2024 terram
442 1956 472 2022 in
504 1955 626 2038 pascuis
659 1955 752 2021 aridis
775 1956 807 2021 et
830 1956 862 2020 in
885 1953 1058 2036 cuderetis,
1091 1956 1131 2022 ad
1154 1956 1272 2024 viarum

12 2063 163 2148 unrgines,
199 2062 239 2128 ad
271 2080 376 2126 muros
409 2061 660 2126 vetustos-terra
690 2059 844 2140 obtectos,
874 2059 905 2126 in
936 2059 1103 2126 maritimis
1126 2061 1272 2142 arenosis,

11 2167 198 2248 spississima
222 2186 276 2250 per
298 2164 452 2250 regionem
476 2165 680 2247 campestrem
702 2183 797 2230 zonae
820 2162 1044 2245 meridionalis,
1076 2164 1196 2248 parcius
1219 2187 1273 2250 per

11 2293 95 2340 :arnam
111 2272 342 2352 intermediam,
365 2267 555 2338 rarissimum
578 2269 609 2335 in
633 2269 876 2353 septentrionali.
907 2271 943 2336 lu
959 2269 1064 2337 Africa
1087 2272 1273 2356 septentrio-

11 2379 52 2442 nli
74 2381 105 2444 et
126 2379 161 2444 in
179 2399 221 2444 m.
240 2378 335 2443 Siout·
351 2375 398 2442 W.
414 2375 574 2442 sonuum
595 2375 690 2459 logit3
713 2375 882 2458 eproviuc.
904 2375 1069 2441 Tecmessae
1084 2377 1116 2442 et
1133 2377 1271 2446 Flauus

11 2483 148 2550 lncricae
172 2483 322 2566 septentr.
346 2481 464 2564 copiose
487 2478 600 2563 accepi.

76 2605 188 2669 Fluant.
213 2610 333 2667 noctur.
357 2600 451 2686 Majo,
473 2601 577 2669 lunio.

76 2733 181 2792 differt
204 2750 223 2790 a
247 2730 301 2789 Br.
325 2729 532 2807 erythrocorpo
555 2728 676 2803 capsula
699 2729 847 2800 breuiore,
880 2731 1040 2802 crassiora,
1063 2731 1137 2794 eollo
1161 2733 1272 2797 tumido

10 2821 77 2880 olido
100 2823 203 2880 aetate
229 2817 396 2892 nigricante
412 2817 567 2889 instructa,
590 2816 667 2876 foliis
684 2817 820 2878 mollibus
835 2817 990 2878 latioribus
1006 2820 1188 2882 brevioribus
1204 2841 1272 2884 con·

10 2911 66 2966 uuis
89 2905 325 2976 suluimbricetis,
348 2903 434 2964 aBr.
450 2906 613 2982 caespiticio
637 2904 758 2980 capsula
780 2905 900 2980 pulchro
924 2907 1074 2980 rutilante,
1097 2909 1170 2970 collo
1193 2928 1272 2972 cras·

12 2995 70 3060 lun,
92 2994 235 3071 operculo
256 2993 347 3052 altius
370 3009 510 3064 consero,
533 2991 610 3051 soliis
632 2991 750 3051 brevius
773 2992 936 3068 cuspidatis
958 2993 1052 3054 larius
1076 2997 1173 3055 tertis.
1217 2997 1272 3058 Br.

10 3093 156 3142 ornantem
180 3080 329 3140 arcticum
352 3079 481 3154 proxime
505 3080 542 3138 ad
565 3079 698 3153 plautum
722 3081 851 3140 nostram
876 3082 998 3153 accedit,
1021 3083 1073 3143 sed
1089 3085 1166 3143 certo
1183 3085 1221 3144 ab
1237 3105 1272 3146 ea

15 3173 79 3230 tab
102 3171 282 3246 insequente
305 3167 401 3242 specie
424 3168 595 3226 distinctum
619 3170 673 3226 ost.
718 3167 754 3226 ln
784 3169 902 3244 ragione
929 3169 1110 3230 meridionali
1134 3173 1271 3247 capsulae

10 3259 76 3318 uultu
99 3258 234 3332 majoros
257 3255 413 3316 cmssiores
435 3255 599 3314 saturatius
622 3271 786 3330 purpureae
808 3256 855 3316 vel
877 3257 1057 3333 sanguineae
1078 3259 1271 3333 reperiuntur.

411 3484 462 3552 ³0„
495 3483 628 3552 Bryum
650 3482 853 3541 versicolor.

498 3605 552 3664 Au.
572 3607 675 3665 Buuou
699 3607 766 3665 mst.

73 3743 175 3808 Denso
199 3737 381 3825 gregarium
404 3737 453 3804 vel
476 3737 542 3804 lare
557 3735 743 3822 caespitans,
765 3737 914 3822 caespites
930 3738 1014 3822 plani
1028 3737 1269 3810 incohaerentes.

10 3845 89 3912 faulis
112 3845 246 3912 humilis
269 3863 431 3922 ramosus,
458 3842 586 3908 ramulis
611 3842 731 3910 strictis
753 3842 845 3909 dense
868 3841 998 3908 loliosis.
1043 3843 1130 3910 Folia
1152 3847 1271 3912 erecto·

10 3953 122 4019 nuntia
148 3949 298 4037 rigidula,
320 3949 611 4030 ovato-lanceolata,
635 3951 723 4016 costa
745 3969 849 4018 crassa
871 3949 1042 4016 rulescento
1058 3953 1186 4019 exeunte
1200 3971 1270 4019 eus·

10 4053 98 4134 idnts,
123 4054 270 4138 margine
293 4053 414 4139 integro
430 4053 637 4122 subrevolnta.
683 4053 816 4137 Capsula
833 4054 864 4118 in
879 4053 1025 4138 pedicollo
1040 4055 1151 4124 stricto
1167 4055 1269 4125 subito

10 4161 134 4240 eudula,
160 4181 178 4228 e
201 4161 284 4226 collo
306 4159 391 4226 trevi
413 4159 712 4244 suthemisphaerico
735 4159 1028 4239 rotundato-oualis,
1051 4161 1193 4241 rutilans,
1217 4181 1270 4227 er-

10 4258 97 4332 iuata
120 4265 228 4333 multo
251 4265 351 4332 minor
372 4284 464 4349 qoam
488 4264 622 4342 humida,
645 4283 742 4331 uacua
757 4264 970 4348 deopercnlata
985 4267 1199 4346 macrostoma,
1221 4265 1270 4332 in·
1393 4271 1398 4280 '

10 4373 172 4439 arcellam
196 4371 368 4438 torulosum
390 4373 423 4438 et
444 4370 643 4456 sporangium
665 4389 721 4436 nec
744 4369 802 4436 sub
821 4387 872 4438 ore
887 4370 1054 4437 coarctate.
1085 4369 1268 4454 Operculum

10 4495 143 4562 menum,
167 4497 346 4554 convexum,
368 4477 568 4561 apiculatum.
615 4475 793 4543 Peristomii
816 4475 929 4541 interni
944 4494 1104 4558 processus
1126 4473 1268 4544 dantibus

10 4579 125 4650 notate
150 4581 288 4650 incurris
311 4582 455 4667 depressi.
502 4581 605 4666 llryol.
629 4599 692 4647 eur.
716 4581 786 4649 Vol.
812 4581 863 4662 lV,
887 4581 963 4646 Tab.
987 4580 1059 4646 379.

10 4703 110 4788 'sapum
135 4705 305 4772 uersicolor
328 4704 400 4790 (ln.
418 4703 487 4791 Ba.)
509 4703 567 4770 Bu.
584 4703 616 4771 et
636 4703 709 4771 Son.
734 4703 837 4788 Brpol.
860 4721 923 4769 eur.
955 4701 989 4770 C.
1012 4701 1114 4768 Mune.
1136 4699 1265 4786 Synops.
