3080 5246
509 382 679 457 liram
1171 384 1236 456 659

14 559 75 625 erit
96 562 129 626 et
148 560 216 644 ipso
237 561 314 628 duce
328 561 484 628 detentore
498 559 690 627 abundanter
704 560 777 646 legi,
800 559 1118 629 omniasemel
1139 561 1239 628 Yorlc·

14 687 44 728 re
75 665 148 731 clrr.
171 665 297 730 munau
330 668 362 732 et
384 665 422 732 R.
445 663 567 732 Srnnca
599 663 768 743 miserunt,
801 683 894 749 prope
920 665 1026 748 aquas
1048 664 1238 733 Tarbellicae

14 787 186 836 renaeorurn
209 769 241 836 in
263 773 348 836 terra
369 769 517 835 inundata
538 769 653 836 lectum
675 771 715 836 el.
731 768 854 836 Sraucr
874 769 907 835 in
921 768 1038 836 Murcia
1060 771 1126 836 enie
1147 789 1240 855 pyre-

14 875 56 938 cie
80 874 188 939 sterile
211 873 401 957 publicavit;
425 874 549 956 pulchre
571 873 760 941 fructificans
782 893 877 958 prope
892 874 966 940 Pac
986 873 1108 942 Galliae
1129 875 1238 943 merid.

14 979 172 1062 nummu),
198 979 238 1046 ad
260 978 397 1046 Salicum
419 980 545 1046 amas
568 996 654 1046 secas
675 979 793 1046 msulae
815 997 860 1063 pr.
891 979 1015 1050 Uirccbl
1037 977 1240 1048 Necrlaudiae

25 1101 54 1148 n.
77 1081 363 1170 Sanun-Lacosnab

46 1203 157 1270 dnae.
181 1211 298 1272 matur.
321 1203 395 1270 Sero
416 1205 583 1271 anctumno
606 1205 638 1272 et
660 1204 760 1288 primo
782 1186 877 1272 rera'

45 1331 248 1408 Subsequente
276 1332 431 1409 gracilius,
459 1333 586 1406 mollius,
624 1332 702 1394 ioliis
730 1333 952 1409 angustioribus
980 1334 1076 1394 minna
1103 1333 1238 1395 concavis

14 1435 112 1494 iusque
135 1419 503 1492 tumescenti-imbricatis,
533 1420 655 1495 capsula
677 1421 848 1496 angustiore
871 1421 1239 1498 snbcylindrice-oblonga,

14 1509 122 1578 erecta,
144 1507 242 1566 minus
264 1507 366 1568 solida

317 1735 350 1792 2.
387 1734 652 1806 soleropodium
672 1734 884 1792 illecebram

340 1855 478 1934 Hypnnm
500 1857 668 1918 illecebram
691 1859 862 1918 Scaeuam

48 2001 208 2087 Caespites
233 2003 295 2070 lari
317 2006 366 2071 nel
389 2005 457 2088 plus
481 2006 620 2072 minuare
642 2005 837 2084 condensati,
868 2005 969 2072 rarins
992 2005 1088 2087 lactc,
1119 2006 1239 2090 saepius

14 2107 265 2174 canenti-riridee.
310 2106 415 2175 Oculis
437 2101 526 2192 pa'rce
548 2107 756 2189 rudiculosas,
779 2109 916 2189 divisae,
948 2127 1027 2195 vage
1048 2111 1237 2188 ramulosas3

14 2211 71 2276 nuli
93 2231 149 2296 pro
173 2231 259 2279 more
281 2212 399 2292 breves,
421 2233 457 2280 er
479 2216 581 2281 erecta
603 2213 670 2281 basi
688 2213 957 2296 arcuato-incurvi,
979 2213 1084 2280 eodem
1099 2215 1189 2282 modo
1205 2233 1241 2281 uc

14 2313 58 2380 die
80 2316 248 2384 divisiones
270 2318 394 2403 turgide
421 2317 544 2396 iolioei,
577 2318 661 2400 apice
693 2317 805 2384 obtusi.
851 2317 938 2383 solia
969 2315 1093 2384 bnmida
1123 2318 1241 2385 erecto-

14 2421 108 2499 :entia
130 2421 214 2487 sicca
230 2421 536 2501 tumido-imbricata,
559 2423 652 2488 ovate
667 2421 698 2487 ia
713 2422 868 2504 apiculum
883 2441 1043 2488 recurram
1058 2421 1241 2502 desinentia,

14 2523 51 2588 ide
64 2543 209 2604 concava,
226 2525 311 2609 apice
325 2527 445 2593 minute
459 2529 588 2606 serrata,
612 2524 986 2606 subvemicosonitentia,
1007 2527 1096 2594 coela
1109 2525 1243 2612 augme

15 2647 45 2692 ra
74 2629 211 2696 medium
241 2629 387 2697 continua
414 2631 495 2697 baud
516 2650 586 2697 raro
607 2630 735 2696 bifurca
780 2627 912 2712 Oopeala
933 2629 966 2696 in
987 2629 1135 2715 pedicello
1156 2649 1243 2699 crae·

16 2734 93 2798 mole
114 2733 209 2800 valde
230 2752 340 2818 aspero
360 2753 492 2814 oemon,
515 2733 737 2812 tentoriolis,
763 2733 885 2818 turgide
907 2736 1017 2814 oratu,
1050 2735 1243 2821 ferrugineo-

17 2855 128 2904 caecus
160 2839 285 2920 saepias
315 2838 440 2906 bicolor.
486 2837 671 2922 Opercalum
703 2837 1009 2916 connexo-conicum,
1040 2837 1241 2923 apiculatum.

18 2942 67 3022 pol
89 2961 153 3010 eur.
181 2941 259 3010 Vol:
274 2941 330 3024 VI,
351 2943 427 3010 Tab.
451 2943 526 3010 557.

19 3099 86 3148 istus
122 3083 304 3164 terrestris,
342 3085 473 3152 surculis
501 3084 576 3151 Kali
605 3085 660 3150 aut
688 3082 854 3150 Illeoebrae
883 3081 1026 3160 aemulis,
1056 3079 1140 3146 foliis
1171 3079 1241 3146 snb·

72 3187 213 3255 rotundis
244 3189 430 3271 squamatim
461 3186 717 3254 incumbentibus.
761 3186 922 3252 Vamnaun
950 3183 1021 3251 Boi.
1042 3183 1143 3251 Paria.
1169 3181 1242 3263 137,

71 3291 317 3378 UQQZ

22 3431 117 3494 poam
139 3413 319 3480 ellecetmm
341 3413 526 3482 Sonwanon.
550 3412 637 3496 Spec
660 3412 759 3482 Maec.
781 3397 839 3492 11,'
849 3431 878 3494 p.
901 3409 976 3476 225.
1020 3407 1112 3474 Benn.
1135 3408 1241 3493 Bryoi.

72 3519 154 3586 noir.
203 3517 252 3584 De
273 3517 412 3585 Norams
445 3518 524 3604 Syll.
569 3516 603 3584 0.
627 3517 763 3583 Manena
794 3514 924 3600 Synops.
969 3512 1100 3580 Wueon
1137 3512 1242 3597 Bryol.

73 3621 151 3691 Brit

25 3761 118 3826 poem
140 3745 295 3812 wedam
316 3745 420 3812 brana
442 3746 474 3812 iu
496 3746 597 3812 Hooa
621 3745 654 3810 et
675 3743 773 3810 Tenc.
796 3739 894 3808 Mursa
917 3741 997 3808 Brit.

26 3847 230 3935 oclylbeeiam
251 3851 499 3942 {meorumue
521 3850 640 3918 Norae,
663 3847 745 3934 Epil.

57 3985 159 4053 Heca
184 3987 262 4055 locis
283 3987 469 4074 graminoeie
491 3988 531 4056 ud
552 3989 673 4054 riarum
694 3987 806 4064 laura,
828 3983 869 4051 ad
889 4001 992 4050 maroe
1005 3983 1040 4049 et
1054 3997 1145 4064 mpee
1159 3981 1244 4046 terra

28 4091 89 4180 ecta
110 4111 164 4174 per
186 4110 297 4160 eonem
323 4092 553 4160 meridionalem
584 4092 756 4176 copiosam,
788 4109 893 4156 raram
923 4107 977 4174 per
1008 4106 1116 4154 ronam
1147 4081 1245 4149 inter·

29 4182 113 4358 ξω
144 4192 275 4278 pulchre
305 4194 369 4281 legi
398 4195 431 4260 in
461 4197 529 4263 tota
551 4195 720 4278 Hispania,
752 4194 784 4260 in
806 4191 911 4261 Gadis
937 4187 1129 4258 meridionali
1150 4205 1244 4271 prope

60 4293 150 4376 iliam
164 4297 384 4382 Monepelinm,
406 4299 490 4379 Poa,
514 4299 559 4367 st.
576 4299 679 4384 Secu,
702 4299 864 4386 Bnyoaee,
885 4297 963 4380 Aia,
989 4293 1121 4376 wem,
1142 4289 1243 4358 rarius

31 4399 234 4542 *Paridon
256 4403 289 4468 in
312 4406 415 4470 tracta
436 4405 574 4472 rhenano
596 4404 737 4489 pluribus
759 4401 836 4470 locis
858 4403 972 4469 lectum
994 4398 1057 4479 est,
1080 4415 1116 4464 ex
1138 4413 1186 4482 gr.
1209 4395 1242 4460 in

43 4497 165 4574 Taleae
186 4524 281 4590 prope
310 4505 494 4575 Wiertcdea
515 4509 756 4594 (mescone),
779 4506 812 4572 iu
835 4503 1036 4591 Spina-nigra
1059 4517 1152 4585 prope
1173 4497 1243 4564 nri-

32 4545 200 4790 m
228 4610 371 4697 Banna),
409 4613 441 4678 ia
469 4611 649 4692 Britannia,
680 4611 736 4678 ubi
763 4609 924 4694 praecipue
960 4605 1120 4674 maritima
1148 4605 1243 4672 tenet

83 4711 131 4728 '‘
204 4707 1193 4866 ulmobeflardinbetconimutetmllssriaamepi.
