3388 5242
696 333 837 408 amm.
1341 335 1404 406 521

128 505 304 574 Ptilorrotie
327 510 471 576 eoleoreo
493 511 566 578 Son.
589 511 702 578 Coroll.
748 513 795 577 Du
817 512 936 579 Noenu.
958 512 1039 596 lipil.

218 613 327 678 Hodie.
350 613 382 679 in
405 613 636 702 scaturiginosis
659 616 805 684 calcareis
828 637 845 683 e
866 618 990 703 regione
1012 618 1178 700 campestri
1197 620 1339 686 montosa
1354 640 1406 686 ns-

126 735 189 799 que
209 715 242 780 iu
265 717 415 800 alpinam:
447 719 567 803 copiose
598 719 630 784 in
661 721 734 786 locis
758 721 945 806 graminosis
969 722 1090 804 aquosis
1112 722 1220 801 durae,
1244 723 1408 790 Helvetiae

124 822 161 887 et
177 821 298 906 Tyrolis
313 823 442 908 Alpium
462 825 570 907 reperi,
593 845 638 892 ex.
655 843 702 910 gr.
720 825 752 889 iu
766 846 808 891 m.
826 827 973 912 Splaigen,
996 824 1027 890 in
1044 845 1084 890 m.
1103 828 1225 891 Gummi
1246 828 1283 892 ad
1307 827 1406 894 locum

126 925 413 1006 Schwarzenborlr‚
436 927 467 994 in
489 929 579 995 Valle
602 929 681 994 Dan
704 929 844 1014 Tyrolis,
868 928 1075 1012 copiosissime
1097 949 1190 1014 prope
1216 931 1309 996 Thura
1331 930 1406 998 Hel-

125 1027 251 1198 vetiae,
285 1030 323 1096 ad
344 1030 446 1097 lacum
469 1033 708 1099 ueocomieusem
731 1033 807 1110 etur
840 1033 935 1100 etiam
957 1033 989 1098 in
1013 1033 1119 1100 Snocia
1141 1038 1174 1100 et
1197 1035 1313 1101 Fennis
1335 1054 1406 1117 pro·
1487 1075 1489 1078 -

127 1151 225 1199 renr.

219 1237 329 1304 Fruot.
352 1247 468 1306 molor.
493 1240 594 1307 media
616 1242 746 1308 aestate.

219 1351 437 1428 Speciosissima
452 1355 578 1430 generis,
601 1374 619 1413 a
642 1355 832 1428 praecedente
856 1355 1025 1413 constanter
1048 1354 1189 1414 distincta
1212 1353 1289 1414 loliis
1311 1355 1407 1431 longi-

127 1437 231 1499 oribus
253 1439 426 1499 subialeatis
450 1440 575 1500 crassius
599 1441 733 1512 costatis,
755 1441 833 1500 foliis
856 1441 1087 1516 perigonialibus
1109 1441 1293 1516 longioribus
1315 1443 1406 1502 omui-

127 1527 186 1585 bus
208 1526 303 1585 acutis
325 1527 559 1599 tereti-costatie,
581 1529 742 1603 peristomii
763 1528 900 1588 dentibus
922 1529 1000 1588 haud
1023 1529 1053 1587 in
1076 1528 1210 1588 subulam
1226 1529 1408 1600 exeuntibus,

128 1612 207 1672 ciliis
231 1613 377 1685 brevibus,
400 1614 583 1675 habitatione
606 1615 636 1674 in
660 1615 778 1690 aquosis
801 1615 953 1675 calciioris.

218 1699 333 1760 Obsco.
364 1701 423 1762 Sub
445 1703 559 1762 nomine
575 1702 627 1761 Pa.
656 1703 809 1780 pupillaris
823 1703 927 1761 Lusus.
950 1701 1100 1776 plantulas
1123 1701 1238 1761 steriles
1260 1701 1408 1762 illitormes

125 1787 196 1846 laxe
218 1785 457 1862 caespitulantes,
479 1788 557 1849 foliis
579 1789 700 1848 minutis
723 1789 999 1849 ovato-lanceolatis
1022 1789 1125 1859 acutis,
1148 1789 1279 1863 margine
1302 1792 1407 1864 argute

127 1875 268 1946 serratis,
292 1877 376 1934 costa
399 1877 553 1936 excedente
578 1877 694 1936 bravius
717 1875 869 1952 longiusvo
892 1875 1208 1952 spinulosoaristatis,
1239 1875 1268 1934 in
1293 1875 1408 1950 rupium

126 1960 243 2020 dssuns
259 1979 295 2021 nr.
312 1961 396 2022 soon
412 1957 558 2038 (Guneus)
574 1966 603 2023 et
619 1981 654 2022 m.
671 1963 733 2022 Bon
749 1963 865 2031 Artbur
881 1963 994 2023 Scotiao
1011 1963 1161 2036 (Sursum)
1184 1962 1285 2033 lectas,
1307 1962 1407 2022 forsan

126 2047 256 2124 speciem
279 2049 411 2124 propium
435 2049 594 2110 formantes
616 2050 735 2126 accepi,
758 2051 808 2111 sed
832 2051 964 2110 divorsas
986 2069 1004 2110 a
1026 2050 1130 2126 planta
1152 2050 1181 2110 in
1206 2049 1321 2110 oricetis
1343 2067 1408 2108 are·

126 2134 222 2196 uariis
244 2135 357 2196 Daniae
379 2155 398 2196 a
420 2137 489 2196 clar.
504 2138 616 2197 Jeusau
638 2137 715 2197 locta
739 2139 768 2196 et
791 2155 809 2196 a
831 2138 1068 2197 clarissumarum
1091 2138 1145 2195 surb
1168 2137 1267 2197 eodem
1291 2137 1405 2196 nomine

127 2239 242 2368 megum
264 2224 485 2284 communicata.
530 2225 697 2284 Plantnlam
731 2225 806 2284 hane
837 2241 889 2301 pro
916 2224 1009 2283 lomna
1037 2223 1142 2298 gracili
1171 2223 1223 2284 Pl.
1247 2223 1409 2282 marchisae

150 2327 170 2368 a
193 2325 235 2368 eo.

585 2495 664 2574 lieu.
693 2497 723 2574 6.
767 2496 949 2574 Brentolic.

670 2625 736 2684 Son.
759 2623 863 2684 (loroll.

217 2756 348 2822 Plantae
371 2756 513 2822 robustae
534 2755 625 2822 dense
647 2756 872 2839 caespitantes,
903 2755 1041 2820 tomento
1075 2753 1239 2821 radiculari
1262 2753 1406 2819 rulo-ier·

125 2861 257 2946 rugiueo
280 2860 457 2928 fasciculato
480 2860 618 2941 obrutae,
640 2859 909 2927 flexuoso-erectae
924 2860 973 2925 rel
988 2861 1231 2942 procumbentes,
1255 2858 1406 2942 irregula-

125 2965 207 3031 riter
229 2983 368 3031 ramosae
390 2967 422 3031 et
445 2965 636 3042 ramlosae,
670 2965 797 3031 ramulis
832 2963 1022 3030 brevioribus
1054 2962 1169 3046 patulis
1193 2961 1407 3028 verticilletim

125 3071 188 3137 sub
211 3069 336 3134 lloribus
359 3068 593 3154 egredientibus,
616 3067 807 3153 longioribus
830 3088 883 3152 per
905 3070 1007 3134 totum
1030 3067 1147 3135 caulem
1164 3065 1290 3150 sparsis.
1322 3064 1408 3130 Folia

126 3195 144 3240 e
167 3173 237 3238 basi
258 3173 482 3258 subvagiuante
503 3173 598 3256 latips
621 3174 821 3258 augustiusve
854 3173 1044 3251 lanceolata,
1076 3173 1183 3256 longa,
1214 3173 1301 3238 costa
1323 3169 1408 3235 tonui

125 3297 201 3346 cum
223 3278 309 3361 apice
331 3276 460 3343 evanida
481 3273 654 3355 instructa,
684 3277 776 3344 sulcis
798 3277 817 3342 5
842 3277 999 3362 protimdis
1022 3277 1164 3354 exarata,
1187 3275 1311 3354 scabra,
1335 3273 1409 3339 sub-

126 3380 287 3461 sanese,
320 3381 428 3449 nitida.
473 3381 579 3449 liores
601 3381 705 3458 dioici3
735 3380 865 3446 masculi
892 3378 1193 3458 rosaceo-discoidei,
1227 3375 1409 3444 antheridiis

125 3485 322 3554 brevioribus
359 3487 392 3552 et
429 3485 651 3570 paraphysibus
684 3486 870 3552 subolaratis
902 3482 1169 3552 numerosissimis.
1215 3481 1347 3565 uapsua
1377 3479 1409 3545 iu

125 3588 281 3676 pedioello
303 3587 439 3656 breviore
460 3588 630 3674 cyguicollo
653 3588 797 3666 demissa,
821 3589 869 3654 rel
892 3587 1086 3672 in·longiore
1108 3587 1192 3652 recto
1214 3585 1364 3652 inclinata
1379 3585 1410 3650 et

125 3692 330 3777 subpeudula,
353 3693 512 3776 sphaerica
527 3694 576 3761 rel
595 3694 845 3778 orato-oblonga,
870 3692 926 3757 st'
949 3693 994 3770 ta,
1017 3693 1099 3758 sicca
1115 3690 1247 3771 sulcata,
1271 3691 1411 3773 operculo

126 3797 254 3867 minuto
275 3797 452 3864 mamillari.
497 3797 714 3864 Peristomium
737 3799 769 3862 ot
791 3815 899 3879 sporae
924 3795 1133 3860 Bortromioo.

220 3901 380 3967 Habitatio
402 3901 434 3966 iu
456 3903 540 3967 terra
562 3903 594 3966 et
616 3901 742 3984 rupibus
765 3900 910 3966 humidis.

131 4006 324 4072 &orama
347 4004 481 4070 omnium
506 4005 566 4070 iere
589 4005 705 4072 auctor.
729 4007 842 4070 recent.
889 4003 1015 4069 Maium
1038 4003 1186 4068 Drcrsou.
1210 4002 1352 4066 Huuwro.

223 4107 326 4174 Genus
348 4109 404 4175 boc
419 4108 650 4184 nitidissimum,
673 4108 861 4174 amicissimo
878 4106 956 4173 cns.
973 4107 1130 4184 Bruuius,
1153 4105 1245 4171 insul.
1263 4105 1307 4169 St.
1325 4103 1412 4168 Kitts

127 4215 164 4281 et
189 4213 234 4278 St.
262 4211 398 4277 Thomas
420 4231 476 4278 uec
498 4231 558 4279 nou
581 4211 699 4294 Capitis
733 4212 762 4277 b.
787 4211 853 4293 spei
876 4207 1112 4293 perscrutatori,
1144 4208 1292 4292 bryologo
1322 4225 1412 4288 prae-

128 4314 329 4385 stantissimo
351 4313 495 4394 dicatum,
519 4314 633 4382 multas
657 4315 938 4398 pulcherrimasque
961 4313 1077 4400 species
1099 4312 1247 4389 exoticas,
1270 4309 1412 4394 gigantes

128 4418 295 4498 Familiae,
320 4419 545 4503 complectitur,
567 4438 660 4486 uuam
683 4435 873 4504 europaaam.
