3128 5254
536 345 703 417 flllm
1193 352 1256 420 tur

24 537 43 598 ot
59 534 341 614 ramnlmasecunda,
363 537 605 622 ovato-oblonga
627 539 658 604 et
674 538 817 622 oblonga,
839 539 942 605 subito
964 540 1027 606 fero
1049 540 1170 627 longius
1193 543 1259 610 bre·

24 639 101 703 cicera
113 639 288 720 acuminata,
312 660 432 708 summa
447 641 599 708 ramulina
618 642 799 722 lanceolata,
823 661 965 722 concava,
987 643 1104 712 inferne
1120 648 1260 732 margine

24 741 112 820 olera,
131 745 244 827 saepius
259 745 382 810 omnino
397 748 546 824 ecostata,
569 746 654 829 apice
668 749 778 830 argute
794 748 930 827 serrata3
952 750 1150 834 paraphyllia
1163 751 1260 818 intor-

24 847 95 928 positu
114 847 315 914 multiformia.
360 849 547 916 Pericbaetii
577 849 725 916 brevioris
751 850 825 918 folia
854 853 1118 936 erectopatentia,
1141 854 1262 922 interna

24 949 140 1033 elongata,
160 953 295 1017 acumine
316 971 426 1036 parum
448 953 541 1038 longo
563 957 646 1020 recto
669 972 775 1038 grosso
798 956 931 1035 serrato,
955 957 1093 1042 margine
1115 959 1261 1025 subreso-

26 1053 73 1131 uta,
92 1054 166 1121 sulco
186 1074 245 1121 uno
267 1058 405 1124 alterove
427 1058 561 1124 exarata.
593 1056 726 1139 Oapsula
748 1057 781 1123 in
803 1059 950 1142 pedicello
966 1060 1058 1146 longo
1074 1065 1176 1128 erecta
1191 1064 1260 1147 plus

24 1160 92 1223 ninus
105 1159 231 1239 incurva,
247 1161 598 1247 oblongo-cylindraooa,
622 1181 638 1228 e
653 1163 827 1248 ferrugineo
843 1165 1024 1246 lascescens,
1040 1167 1120 1236 sicca
1134 1169 1261 1252 oooper-

24 1263 93 1328 ulata
112 1264 186 1330 haud
208 1267 347 1344 mutata,
377 1267 526 1350 pedicello
548 1267 634 1333 tenui
657 1287 785 1351 superne
807 1268 1000 1337 dextrorsum
1023 1273 1117 1340 torto.
1163 1272 1260 1356 Oper-

24 1369 94 1432 ulcm
113 1370 230 1455 turgide
252 1371 399 1450 conicum,
422 1371 556 1438 breviter
578 1373 610 1438 ot
633 1372 746 1439 mutice
768 1372 985 1440 acuminatum.
1032 1377 1171 1442 Annulus
1193 1397 1260 1460 per·

24 1475 145 1556 agustus,
167 1494 226 1541 nna
249 1493 317 1541 curn
339 1475 480 1558 operculo
504 1475 649 1542 deciduus
679 1475 727 1542 rel
758 1475 935 1561 persistens.
982 1479 1162 1546 Peristomii
1186 1481 1261 1546 ‹len-

24 1595 48 1644 es
65 1579 168 1646 intorno
189 1579 373 1659 aurantiaci,
396 1579 513 1662 apicem
535 1599 641 1647 vorsus
664 1579 748 1647 intus
773 1581 982 1648 sublamollosi
996 1583 1116 1666 pallidi,
1137 1603 1261 1667 procas-

24 1699 50 1746 os
75 1682 147 1749 inter
177 1685 410 1751 articulationos
441 1683 648 1765 dehiscentes,
681 1683 755 1751 cilia
777 1684 885 1752 binata
907 1687 1022 1753 tenuia.
1067 1688 1172 1773 Bryol.
1195 1709 1259 1756 eur.

24 1783 63 1849 ot
78 1785 127 1867 Vl,
147 1787 222 1853 Tab.
238 1786 312 1854 593.
1293 1821 1297 1830 ·

24 1905 140 1992 typorum
155 1929 354 1975 nemorosum
376 1909 505 1994 (Kosa),
528 1911 616 1977 caule
639 1911 820 1978 ascendente
841 1910 1037 1994 subpinnato,
1060 1912 1154 1979 ramis
1177 1933 1261 1980 com·

94 2013 204 2096 pressis
227 2012 424 2080 inferioribus
446 2013 625 2096 compositis
648 2013 855 2096 superioribus
878 2013 1078 2098 simplicibus,
1101 2017 1185 2084 foliis
1200 2017 1260 2084 inr-

93 2115 366 2184 brioeto-distichis
388 2118 666 2202 appresso-patulis
689 2119 978 2185 ovato-lanceolatis
1002 2121 1185 2188 acuminatis
1208 2141 1260 2190 sc-

92 2238 180 2302 perne
203 2222 366 2288 serrulatis
389 2222 530 2301 enerviis,
553 2222 659 2288 thecae
682 2221 831 2307 oblongae
854 2241 982 2289 cernuae
1002 2223 1141 2307 operculo
1157 2226 1260 2294 oonico

93 2327 189 2390 acuto.
237 2326 327 2390 Bam.
351 2326 457 2410 Bryol.
480 2325 562 2391 univ.
585 2325 628 2405 II,
651 2345 681 2409 p.
705 2325 779 2392 422.

40 2423 67 2488 G.
80 2426 210 2493 Moatra
234 2427 363 2512 Synops.
408 2429 467 2495 Ba.
491 2430 522 2494 st
545 2428 617 2496 Sca.
641 2429 747 2513 Bryol.
771 2447 834 2495 sor.

24 2525 138 2613 lypncm
159 2533 409 2617 subrectifolium
431 2533 553 2600 Sonam.
576 2533 674 2598 Musa.
697 2532 853 2618 alleghan.
877 2532 917 2598 N.
943 2534 992 2600 15.

75 2667 179 2736 satu
212 2669 246 2736 in
281 2669 441 2754 sylvatieis
473 2671 513 2736 ao
545 2671 671 2736 truncos
704 2674 736 2736 ot
767 2670 879 2754 stirpes
906 2673 1134 2754 putrescentes:
1168 2695 1261 2761 propo

24 2767 246 2840 loisersloutern
268 2775 418 2842 Bouariae
439 2774 610 2853 rhenanae,
632 2773 684 2840 ubi
707 2775 744 2840 ol.
768 2775 860 2841 Kosa
883 2776 999 2842 deterit
1021 2778 1074 2844 sed
1097 2797 1156 2845 non
1178 2782 1262 2848 ultra

24 2879 137 2956 apertum
168 2881 238 2958 est,
269 2879 301 2944 in
322 2880 474 2946 Bavariae
506 2880 664 2946 montibus
695 2898 789 2962 prope
812 2880 1002 2965 Schleludorf
1027 2884 1060 2949 et
1090 2884 1128 2950 ad
1159 2886 1260 2952 lacum

24 2979 150 3048 'vilerces
171 2984 211 3050 cl.
237 2983 404 3050 Sarranae
424 2984 540 3069 reperit
561 2986 593 3050 et
616 2984 713 3051 serius
736 2985 774 3051 cl.
799 2985 855 3050 Fa.
878 2985 1009 3052 Annona
1030 2987 1062 3052 in
1083 2987 1170 3072 sylva
1193 3009 1262 3058 ace·

24 3101 59 3149 rso
80 3087 309 3154 cremasse
331 3087 422 3154 Part
444 3107 536 3172 propo
559 3089 765 3154 Monachium.
810 3089 847 3154 In
862 3088 997 3155 Caucaso
1019 3109 1037 3156 a
1060 3091 1163 3157 Toron.
1180 3093 1261 3161 Don-

24 3201 111 3270 ororr,
139 3190 339 3258 inmmerioa
366 3193 443 3274 sept
471 3192 510 3257 ab
537 3211 598 3258 am.
622 3193 830 3269 Lascunaacx
857 3192 889 3258 et
910 3193 1091 3276 praeprimis
1122 3196 1154 3261 in
1180 3197 1260 3262 Iron

24 3289 168 3360 {mucias
199 3294 361 3384 virginiae
390 3315 408 3362 u
438 3296 511 3362 clar.
542 3295 727 3376 scauvam,
751 3314 888 3362 necnon
909 3296 942 3361 in
964 3297 1122 3382 sylvatiois
1143 3301 1260 3366 montis

24 3397 131 3464 rericani
152 3399 286 3466 Oricaba
308 3419 327 3465 a
349 3400 387 3466 ol.
411 3399 577 3466 Lrnanrsrr
599 3401 631 3466 et
653 3399 722 3466 aliis
745 3400 857 3467 lectum
880 3400 986 3468 babeo.

74 3501 178 3570 raet.
202 3511 321 3569 matur.
344 3505 518 3570 anctumno.

76 3630 265 3692 Praecedonti
287 3632 380 3692 simile
396 3633 446 3692 sod
462 3633 620 3706 robustius,
643 3633 738 3710 magis
753 3650 898 3693 ramosum
921 3637 950 3694 ot
965 3635 1151 3710 ramulosnm,
1172 3640 1261 3699 ramis

24 3711 167 3779 clarioribus
190 3719 277 3779 valdo
299 3719 438 3779 contortis
453 3719 635 3796 longioribus
651 3721 771 3781 ramulis
786 3721 911 3797 singulis
926 3723 973 3782 rel
989 3723 1122 3797 pluribus
1136 3725 1262 3788 instruc·

24 3815 43 3868 s,
62 3807 176 3880 capsula
199 3807 341 3868 crassiore
364 3810 395 3866 et
417 3808 605 3868 subarcnata.
1281 3847 1288 3887 ,

349 4020 403 4076 47.
432 4017 601 4089 Hypnum
620 4017 896 4076 Larentalanum.

296 4139 438 4200 llonarno
461 4141 491 4200 in
513 4141 647 4201 Loarrrna
670 4143 830 4202 Moosstnd.
855 4141 948 4212 1864.

76 4263 230 4352 Caespites
262 4269 338 4349 laxi,
369 4289 458 4355 saepe
486 4272 650 4352 latissimi,
680 4273 810 4353 molles,
833 4271 948 4356 pallide
970 4272 1124 4352 virentes,
1158 4277 1263 4344 aetate

24 4365 169 4438 tteocentes
202 4374 236 4438 st
269 4374 390 4441 sordide
420 4375 569 4456 brunnei,
606 4376 657 4455 ,in
678 4375 749 4442 vivo
771 4376 871 4442 nitore
892 4377 1038 4462 argenteo
1059 4377 1263 4460 pulcherrime

24 4469 123 4554 cimil
156 4477 237 4568 hand
271 4499 341 4547 raro
376 4480 458 4547 inter
480 4482 603 4549 Muscos
627 4482 813 4565 proceriores
835 4481 926 4567 longe
947 4483 1069 4565 lateque
1090 4501 1208 4568 vagans
1231 4485 1263 4549 st

24 4577 140 4646 aciens.
184 4582 290 4650 caulis
313 4583 480 4668 primarius
501 4587 687 4670 prostratus,
710 4586 905 4654 extremitato
927 4589 959 4653 et
980 4587 1074 4656 rarnir
1096 4588 1262 4654 ascenden-

24 4679 84 4762 lbus,
104 4690 138 4751 ut
158 4689 191 4754 et
213 4689 293 4757 rami
314 4690 385 4773 plus
400 4691 502 4758 minus
517 4692 701 4778 regulariter
716 4691 1041 4776 pinnato-ramulosns.
1072 4691 1159 4758 Folia
1172 4691 1262 4759 undi-
