3128 5254
533 381 701 454 Erum
1187 381 1249 451 739

92 558 262 626 tricatione
291 560 386 627 densa
417 559 582 638 subteroti3
614 560 695 627 loliis
725 559 980 628 emoto-recondis
1010 558 1062 624 vix
1089 558 1253 637 onomatis,

90 663 433 744 straminea-uiridibus,
456 664 660 744 nitidissimis,
682 665 808 747 capsula
829 665 995 742 suberecta,
1017 661 1216 747 cylindrocea.

70 783 181 851 Hebit.
203 786 236 850 in
257 786 390 869 petrosis
413 785 481 852 udis
503 785 665 865 montium,
688 786 770 852 houd
785 803 855 853 roro
869 785 902 850 in
915 783 1000 869 ligno
1015 783 1147 867 putrido,
1169 801 1255 850 secus

13 887 96 954 irnlos
120 889 286 974 lapidosos,
309 909 326 956 e
348 891 472 975 regione
494 892 640 957 montana
661 890 801 957 inferiore
823 908 916 973 usque
938 890 971 956 in
993 889 1128 973 alpinam
1150 907 1167 955 e
1188 887 1257 954 rol·

13 991 174 1072 utisaimis,
204 1012 259 1076 per
280 995 381 1060 totam
403 1013 512 1060 aonam
533 993 746 1061 intermediam
767 1011 865 1076 usque
893 993 925 1058 in
959 993 1123 1073 creticam,
1153 1011 1256 1059 rarum

13 1097 244 1176 rmoridionali;
267 1099 382 1164 terram
404 1099 589 1183 graniticam
611 1101 643 1164 et
665 1116 843 1166 arenaceam
862 1096 1070 1180 praedilectat.
1099 1096 1173 1164 Var.
1189 1103 1209 1179 β
1225 1096 1257 1162 iu

13 1201 47 1266 lis
70 1202 200 1286 alpinis,
223 1222 259 1270 ex
280 1223 327 1290 gr.
348 1205 382 1270 in
397 1205 477 1288 Alpe
492 1205 598 1270 Deera
620 1205 746 1288 pulchre
768 1203 847 1288 legi3
870 1223 934 1270 var.
950 1230 968 1287 y
982 1203 1021 1270 ad
1035 1203 1119 1288 ligna
1134 1202 1258 1270 madida

32 1307 70 1372 ad
92 1327 188 1385 saxa3
216 1327 279 1374 rar.
303 1315 322 1374 e
343 1308 382 1375 ad
405 1309 547 1376 arborum
569 1310 748 1376 truncoset
769 1309 920 1386 ramulos;
954 1327 1018 1374 var.
1041 1333 1056 1375 e
1077 1307 1111 1372 in
1131 1307 1257 1390 Alpium

14 1409 143 1494 iginosis
167 1413 329 1490 terrestro;
353 1432 407 1480 var
430 1425 449 1496 ζ
469 1413 503 1478 iu
524 1413 636 1496 alpinis
658 1413 866 1498 frigidioribus
890 1431 976 1480 seem
990 1411 1115 1480 rivulos.
1147 1411 1258 1496 Copio-

13 1516 97 1582 3sime
123 1515 159 1580 in
181 1515 326 1584 Amorion
347 1518 426 1599 sept.
449 1517 482 1582 et
504 1517 618 1582 arctico
640 1515 791 1600 provenit.

62 1619 181 1684 Fruar.
205 1627 320 1684 motor.
344 1619 475 1686 aestate.

60 1730 176 1790 Differt
199 1731 237 1790 ab
260 1731 299 1789 Η.
322 1733 444 1802 odam,
468 1747 531 1790 cum
553 1749 610 1807 quo
632 1731 749 1808 saepius
765 1733 966 1802 commutetur,
989 1731 1150 1806 caespitum
1166 1732 1259 1792 colore

13 1817 99 1876 lulius
128 1817 404 1877 flavescenti-viridi
428 1820 457 1878 et
479 1818 700 1892 subalbicante,
731 1819 812 1878 caule
834 1818 942 1879 formae
965 1819 1102 1878 normalis
1124 1819 1258 1880 solidiore

13 1905 131 1976 fidiora,
155 1904 235 1964 foliis
258 1905 353 1981 magis
376 1903 502 1977 falcatis,
524 1905 725 1977 solidioribus,
747 1905 863 1980 longius
886 1907 916 1964 et
937 1906 1053 1966 tenuius
1076 1905 1259 1976 acuminatis,

13 1993 113 2064 loatm,
140 1991 265 2050 floribus
287 1992 438 2063 monoicis,
462 1993 581 2068 capsula
604 1992 773 2068 augustiore
797 1992 955 2068 cylindrica
976 1993 1120 2064 solidiore,
1141 1993 1259 2052 habita·

13 2095 49 2138 ne
74 2081 108 2138 in
137 2079 261 2153 aquosis
283 2079 493 2155 frigidioribus,
515 2097 657 2154 nusquam
679 2079 710 2139 iu
732 2079 885 2156 uliginosis
907 2079 1055 2142 turlacais.
1089 2080 1175 2140 Locis
1196 2097 1259 2139 rnu-

13 2169 42 2226 is
67 2167 193 2226 formae
215 2183 301 2241 quarn
323 2167 446 2228 maxime
468 2169 628 2226 mutantur.

351 2377 401 2433 1s.
432 2376 599 2444 Euporum
620 2375 897 2434 Molendeauurm

56 2503 227 2580 Dioioum,
249 2505 448 2586 prostratum,
470 2507 622 2589 caespites
644 2506 827 2572 lutesoentes
850 2505 1022 2572 ellormans.
1067 2502 1171 2572 Gauiis
1191 2524 1259 2571 era·

13 2609 151 2688 clusus,
188 2607 517 2689 pinnato-remulosus.
562 2609 649 2676 Folio
678 2610 770 2676 dense
800 2610 954 2688 conferte,
982 2609 1108 2692 pulchre
1129 2609 1259 2676 disticho

13 2710 265 2788 cato-secunda,
299 2713 403 2778 ovato
436 2714 467 2778 et
496 2713 833 2798 oblongo-lanceolata,
866 2713 1055 2798 longiuscule
1075 2712 1259 2788 acuminata,

13 2821 51 2882 te
68 2815 221 2900 angusta
236 2814 362 2880 falcato
379 2816 427 2881 vel
442 2816 719 2896 hamatcreoursa,
735 2817 972 2895 valdeconcava,
988 2816 1126 2901 margine
1138 2815 1259 2896 redere,

13 2923 44 2988 is
71 2919 213 3006 angulis
237 2937 291 2984 nec
313 2919 544 2988 decurrentibus
566 2939 620 2988 nec
643 2921 818 3000 excavatis,
850 2922 935 2986 costo
964 2897 1100 3004 gemella
1120 2921 1260 3003 perbrevi

13 3045 55 3106 aa,
82 3021 226 3091 humida
248 3022 328 3089 haud
356 3023 486 3104 sulcata,
509 3025 589 3091 sicca
613 3025 750 3101 sulcata;
774 3025 851 3092 retis
873 3023 1027 3106 pertenuis
1050 3023 1169 3092 meolae
1190 3025 1260 3091 bre·

13 3151 42 3198 ar
68 3125 317 3204 vermiculatas,
340 3127 433 3210 triplo
455 3127 607 3213 longiores
630 3147 722 3212 quam
737 3129 831 3207 latae,
854 3128 893 3196 ed
907 3127 1035 3213 angulos
1050 3127 1168 3196 minute
1183 3148 1260 3212 qua·

13 3239 69 3301 tae
96 3235 138 3302 et
163 3231 374 3316 rectungulae,
397 3231 522 3300 infimae
536 3252 640 3300 earnm
663 3233 827 3300 nonnullae
849 3233 948 3299 multo
970 3231 1112 3316 majores,
1134 3231 1259 3299 miletae

13 3338 155 3404 lucidae.
207 3334 313 3402 diores
348 3335 471 3403 feminei
507 3337 657 3422 graciles,
688 3338 823 3418 inomni,
854 3337 936 3404 foliis
968 3355 1094 3421 superno
1125 3337 1260 3405 obsoleto

13 3442 149 3510 uelatis.
661 3461 663 3468 ·

63 3563 197 3631 Haece.
221 3559 260 3626 ad
282 3579 369 3647 rupes
393 3562 709 3630 schiscmoealeareno
732 3563 764 3628 in
785 3562 914 3629 lariceto
935 3583 982 3646 pr.
1007 3562 1090 3628 Kato
1119 3562 1153 3627 in
1180 3563 1261 3628 Teu·

13 3673 88 3736 or'tz
106 3663 328 3749 Salisburgiao
343 3666 496 3732 inferioris
511 3666 567 3732 alt.
585 3665 822 3744 4200-44002
845 3665 897 3733 ubi
912 3666 986 3732 clar.
1001 3665 1155 3733 Monsnno
1177 3685 1256 3733 anno

13 3777 41 3838 ³2
71 3771 174 3856 legit
193 3771 226 3834 et
247 3769 417 3836 liberaliter
438 3771 685 3838 communicavit.

43 3880 182 3944 Formis
205 3877 363 3940 minoribus
379 3879 418 3939 H.
433 3883 565 3941 umenti
587 3881 800 3957 aliquantulam
822 3882 924 3954 simile,
947 3883 998 3942 sed
1020 3881 1098 3943 loliis
1120 3881 1259 3942 breuiori-

33 3967 238 4030 humiditate
253 3967 366 4030 omniuo
379 3968 525 4040 esnloatis,
541 3969 709 4028 breuissime
718 3969 975 4042 bifurco-costatis,
990 3970 1122 4046 margins
1137 3970 1260 4040 redenis,

13 4078 23 4120 r
51 4054 183 4120 areolis
206 4053 395 4127 brevioribus,
416 4055 630 4116 intloroscentia
653 4055 755 4130 dioica,
778 4057 852 4118 setis
874 4073 1016 4133 superque
1039 4057 1217 4118 distinctum.

357 4255 491 4340 Snbgen.
514 4254 545 4322 l.
590 4255 888 4324 Cratoneurum.

41 4395 202 4462 Plantae
222 4390 353 4459 humiles
369 4393 417 4458 rel
433 4391 597 4475 speciosae,
619 4393 707 4461 caule
720 4396 876 4477 prostrato
893 4395 941 4462 rel
955 4393 1147 4473 ascendente,
1170 4411 1259 4476 parce

13 4521 69 4582 so,
101 4495 301 4582 regulariter
322 4496 637 4580 pinnato-ramulosa,
660 4499 879 4578 crassiusoulo,
902 4498 1145 4577 subausculento,
1168 4517 1260 4580 para·

13 4605 100 4672 lliis
121 4600 272 4668 dissectis
286 4601 378 4684 atque
394 4601 538 4670 radiculis
552 4603 723 4670 numerosis
732 4604 1009 4688 plerumquedense
1021 4601 1140 4669 villoso.
1172 4601 1260 4667 sona

13 4704 345 4787 >relato-lanceolata,
360 4705 633 4788 &letto-secunda,
648 4725 749 4776 crasse
763 4709 885 4778 costula
899 4707 1124 4864 (undeaetnen,
1146 4731 1259 4793 aporos
