<?xml version="1.0" encoding="UTF-8"?>
<!DOCTYPE html PUBLIC "-//W3C//DTD XHTML 1.0 Transitional//EN"
    "http://www.w3.org/TR/xhtml1/DTD/xhtml1-transitional.dtd">
<html xmlns="http://www.w3.org/1999/xhtml" xml:lang="en" lang="en">
 <head>
  <title>
</title>
<meta http-equiv="Content-Type" content="text/html;charset=utf-8" />
  <meta name='ocr-system' content='tesseract 3.04.00' />
  <meta name='ocr-capabilities' content='ocr_page ocr_carea ocr_par ocr_line ocrx_word'/>
</head>
<body>
  <div class='ocr_page' id='page_1' title='image "./synopsismuscoru00schigoog_0383.png"; bbox 0 0 3402 5234; ppageno 0'>
   <div class='ocr_carea' id='block_1_1' title="bbox 660 265 1381 340">
    <p class='ocr_par' dir='ltr' id='par_1_1' title="bbox 660 265 1381 340">
     <span class='ocr_line' id='line_1_1' title="bbox 660 265 1381 340; baseline -0.003 -10"><span class='ocrx_word' id='word_1_1' title='bbox 660 265 821 330; x_wconf 67' lang='lat' dir='ltr'><strong>Possim.</strong></span> <span class='ocrx_word' id='word_1_2' title='bbox 1317 269 1381 340; x_wconf 81' lang='lat'><strong>223</strong></span> 
     </span>
    </p>
   </div>
   <div class='ocr_carea' id='block_1_2' title="bbox 99 443 934 514">
    <p class='ocr_par' dir='ltr' id='par_1_2' title="bbox 99 443 934 514">
     <span class='ocr_line' id='line_1_2' title="bbox 99 443 934 514; baseline 0.004 -5"><span class='ocrx_word' id='word_1_3' title='bbox 99 443 248 509; x_wconf 78' lang='lat' dir='ltr'><strong><em>Barbula</em></strong></span> <span class='ocrx_word' id='word_1_4' title='bbox 271 465 405 511; x_wconf 77' lang='lat' dir='ltr'><strong>ronnono</strong></span> <span class='ocrx_word' id='word_1_5' title='bbox 428 443 462 511; x_wconf 86' lang='lat' dir='ltr'><strong>C.</strong></span> <span class='ocrx_word' id='word_1_6' title='bbox 485 446 621 512; x_wconf 72' lang='lat' dir='ltr'><strong>Milton</strong></span> <span class='ocrx_word' id='word_1_7' title='bbox 642 447 713 512; x_wconf 87' lang='lat' dir='ltr'><strong>Bot.</strong></span> <span class='ocrx_word' id='word_1_8' title='bbox 737 445 812 514; x_wconf 69' lang='lat' dir='ltr'><strong>neit.</strong></span> <span class='ocrx_word' id='word_1_9' title='bbox 839 443 934 512; x_wconf 80' lang='lat'><strong>1856.</strong></span> 
     </span>
    </p>
   </div>
   <div class='ocr_carea' id='block_1_3' title="bbox 99 566 1386 1784">
    <p class='ocr_par' dir='ltr' id='par_1_3' title="bbox 99 566 1386 1700">
     <span class='ocr_line' id='line_1_3' title="bbox 190 566 1382 647; baseline 0.004 -16"><span class='ocrx_word' id='word_1_10' title='bbox 190 567 301 633; x_wconf 81' lang='lat' dir='ltr'><strong>Babil.</strong></span> <span class='ocrx_word' id='word_1_11' title='bbox 325 568 356 632; x_wconf 93' lang='lat' dir='ltr'><strong>in</strong></span> <span class='ocrx_word' id='word_1_12' title='bbox 380 569 462 634; x_wconf 87' lang='lat' dir='ltr'><strong>terra</strong></span> <span class='ocrx_word' id='word_1_13' title='bbox 485 570 517 634; x_wconf 92' lang='lat' dir='ltr'><strong>et</strong></span> <span class='ocrx_word' id='word_1_14' title='bbox 539 568 621 635; x_wconf 86' lang='lat' dir='ltr'><strong>saxis</strong></span> <span class='ocrx_word' id='word_1_15' title='bbox 644 568 799 647; x_wconf 84' lang='lat' dir='ltr'><strong>humidis,</strong></span> <span class='ocrx_word' id='word_1_16' title='bbox 832 567 872 634; x_wconf 77' lang='lat' dir='ltr'><strong>ael</strong></span> <span class='ocrx_word' id='word_1_17' title='bbox 894 566 1036 634; x_wconf 90' lang='lat' dir='ltr'><strong>arborum</strong></span> <span class='ocrx_word' id='word_1_18' title='bbox 1059 585 1245 635; x_wconf 89' lang='lat' dir='ltr'><strong>annosarum</strong></span> <span class='ocrx_word' id='word_1_19' title='bbox 1266 571 1382 636; x_wconf 81' lang='lat' dir='ltr'><strong>radices</strong></span> 
     </span>
     <span class='ocr_line' id='line_1_4' title="bbox 99 671 1382 756; baseline 0.003 -20"><span class='ocrx_word' id='word_1_20' title='bbox 99 672 133 736; x_wconf 90' lang='lat' dir='ltr'><strong>et</strong></span> <span class='ocrx_word' id='word_1_21' title='bbox 156 671 293 753; x_wconf 87' lang='lat' dir='ltr'><strong>truueos,</strong></span> <span class='ocrx_word' id='word_1_22' title='bbox 315 672 476 756; x_wconf 79' lang='lat' dir='ltr'><strong>praecipue</strong></span> <span class='ocrx_word' id='word_1_23' title='bbox 499 693 587 742; x_wconf 81' lang='lat' dir='ltr'><strong>secus</strong></span> <span class='ocrx_word' id='word_1_24' title='bbox 610 673 727 740; x_wconf 81' lang='lat' dir='ltr'><strong>rivulos</strong></span> <span class='ocrx_word' id='word_1_25' title='bbox 749 675 781 738; x_wconf 88' lang='lat' dir='ltr'><strong>et</strong></span> <span class='ocrx_word' id='word_1_26' title='bbox 802 671 922 752; x_wconf 85' lang='lat' dir='ltr'><strong>fluvios,</strong></span> <span class='ocrx_word' id='word_1_27' title='bbox 946 672 1047 738; x_wconf 83' lang='lat' dir='ltr'><strong>nerim</strong></span> <span class='ocrx_word' id='word_1_28' title='bbox 1069 673 1102 737; x_wconf 93' lang='lat' dir='ltr'><strong>iu</strong></span> <span class='ocrx_word' id='word_1_29' title='bbox 1124 674 1279 740; x_wconf 87' lang='lat' dir='ltr'><strong>montanis</strong></span> <span class='ocrx_word' id='word_1_30' title='bbox 1294 675 1382 742; x_wconf 88' lang='lat' dir='ltr'><strong>sioois</strong></span> 
     </span>
     <span class='ocr_line' id='line_1_5' title="bbox 101 775 1383 858; baseline 0.005 -20"><span class='ocrx_word' id='word_1_31' title='bbox 101 793 157 856; x_wconf 88' lang='lat' dir='ltr'><strong>por</strong></span> <span class='ocrx_word' id='word_1_32' title='bbox 171 775 328 858; x_wconf 80' lang='lat' dir='ltr'>Europam</span> <span class='ocrx_word' id='word_1_33' title='bbox 351 777 580 844; x_wconf 82' lang='lat' dir='ltr'><strong>meridionalem</strong></span> <span class='ocrx_word' id='word_1_34' title='bbox 602 777 636 842; x_wconf 90' lang='lat' dir='ltr'><strong>et</strong></span> <span class='ocrx_word' id='word_1_35' title='bbox 657 776 876 844; x_wconf 83' lang='lat' dir='ltr'><strong>oooidentalem</strong></span> <span class='ocrx_word' id='word_1_36' title='bbox 897 779 1118 858; x_wconf 84' lang='lat' dir='ltr'><strong>temperatam:</strong></span> <span class='ocrx_word' id='word_1_37' title='bbox 1140 778 1172 842; x_wconf 92' lang='lat' dir='ltr'><strong>in</strong></span> <span class='ocrx_word' id='word_1_38' title='bbox 1193 778 1383 846; x_wconf 86' lang='lat' dir='ltr'><strong>Normandia</strong></span> 
     </span>
     <span class='ocr_line' id='line_1_6' title="bbox 101 877 1384 964; baseline 0.005 -22"><span class='ocrx_word' id='word_1_39' title='bbox 101 877 221 960; x_wconf 83' lang='lat' dir='ltr'><strong>primus</strong></span> <span class='ocrx_word' id='word_1_40' title='bbox 243 880 319 945; x_wconf 87' lang='lat' dir='ltr'><strong>elar.</strong></span> <span class='ocrx_word' id='word_1_41' title='bbox 343 881 397 946; x_wconf 88' lang='lat' dir='ltr'><strong>Dr.</strong></span> <span class='ocrx_word' id='word_1_42' title='bbox 420 882 599 946; x_wconf 77' lang='lat' dir='ltr'><strong>Bnnsrsson</strong></span> <span class='ocrx_word' id='word_1_43' title='bbox 621 880 806 959; x_wconf 82' lang='lat' dir='ltr'><strong>observavit,</strong></span> <span class='ocrx_word' id='word_1_44' title='bbox 829 900 864 946; x_wconf 84' lang='lat' dir='ltr'><strong>ex</strong></span> <span class='ocrx_word' id='word_1_45' title='bbox 886 879 1020 964; x_wconf 84' lang='lat' dir='ltr'><strong>Angliue</strong></span> <span class='ocrx_word' id='word_1_46' title='bbox 1042 881 1093 946; x_wconf 89' lang='lat' dir='ltr'><strong>sat</strong></span> <span class='ocrx_word' id='word_1_47' title='bbox 1115 883 1284 948; x_wconf 82' lang='lat' dir='ltr'><strong>numerosis</strong></span> <span class='ocrx_word' id='word_1_48' title='bbox 1308 883 1384 948; x_wconf 85' lang='lat' dir='ltr'><strong>loeis</strong></span> 
     </span>
     <span class='ocr_line' id='line_1_7' title="bbox 99 983 1384 1070; baseline 0.004 -23"><span class='ocrx_word' id='word_1_49' title='bbox 99 983 217 1048; x_wconf 78' lang='lat' dir='ltr'><strong>lectam</strong></span> <span class='ocrx_word' id='word_1_50' title='bbox 239 985 275 1048; x_wconf 91' lang='lat' dir='ltr'><strong>ut</strong></span> <span class='ocrx_word' id='word_1_51' title='bbox 290 1003 326 1050; x_wconf 84' lang='lat' dir='ltr'><strong>ex</strong></span> <span class='ocrx_word' id='word_1_52' title='bbox 341 983 470 1070; x_wconf 85' lang='lat' dir='ltr'><strong>Algeria</strong></span> <span class='ocrx_word' id='word_1_53' title='bbox 485 987 516 1070; x_wconf 89' lang='lat' dir='ltr'><strong>(a</strong></span> <span class='ocrx_word' id='word_1_54' title='bbox 531 985 605 1050; x_wconf 87' lang='lat' dir='ltr'><strong>olan.</strong></span> <span class='ocrx_word' id='word_1_55' title='bbox 621 985 746 1050; x_wconf 84' lang='lat' dir='ltr'><strong>Dnnmn</strong></span> <span class='ocrx_word' id='word_1_56' title='bbox 760 1001 801 1048; x_wconf 82' lang='lat' dir='ltr'><strong>ur</strong></span> <span class='ocrx_word' id='word_1_57' title='bbox 815 984 1058 1070; x_wconf 71' lang='lat' dir='ltr'><strong>Musonnsuns)</strong></span> <span class='ocrx_word' id='word_1_58' title='bbox 1074 986 1194 1068; x_wconf 84' lang='lat' dir='ltr'><strong>eocepi;</strong></span> <span class='ocrx_word' id='word_1_59' title='bbox 1217 985 1250 1051; x_wconf 93' lang='lat' dir='ltr'><strong>in</strong></span> <span class='ocrx_word' id='word_1_60' title='bbox 1263 987 1384 1069; x_wconf 88' lang='lat' dir='ltr'><strong>rupium</strong></span> 
     </span>
     <span class='ocr_line' id='line_1_8' title="bbox 100 1086 1384 1178; baseline 0.005 -28"><span class='ocrx_word' id='word_1_61' title='bbox 100 1086 319 1153; x_wconf 86' lang='lat' dir='ltr'><strong>umbrosorum</strong></span> <span class='ocrx_word' id='word_1_62' title='bbox 341 1087 461 1178; x_wconf 85' lang='lat' dir='ltr'><strong>fissuris</strong></span> <span class='ocrx_word' id='word_1_63' title='bbox 481 1089 571 1172; x_wconf 85' lang='lat' dir='ltr'><strong>juxta</strong></span> <span class='ocrx_word' id='word_1_64' title='bbox 587 1089 639 1156; x_wconf 86' lang='lat' dir='ltr'><strong>Lo</strong></span> <span class='ocrx_word' id='word_1_65' title='bbox 661 1089 810 1176; x_wconf 78' lang='lat' dir='ltr'><strong>Ropuetle</strong></span> <span class='ocrx_word' id='word_1_66' title='bbox 831 1107 924 1171; x_wconf 91' lang='lat' dir='ltr'><strong>prope</strong></span> <span class='ocrx_word' id='word_1_67' title='bbox 946 1089 1070 1174; x_wconf 80' lang='lat' dir='ltr'><strong>Hybres</strong></span> <span class='ocrx_word' id='word_1_68' title='bbox 1092 1090 1145 1174; x_wconf 85' lang='grc' dir='ltr'><strong>(Α.</strong></span> <span class='ocrx_word' id='word_1_69' title='bbox 1167 1107 1206 1156; x_wconf 79' lang='lat' dir='ltr'><strong>me</strong></span> <span class='ocrx_word' id='word_1_70' title='bbox 1220 1091 1384 1177; x_wconf 73' lang='lat' dir='ltr'><strong>Menesi),</strong></span> 
     </span>
     <span class='ocr_line' id='line_1_9' title="bbox 100 1190 1385 1276; baseline 0.005 -20"><span class='ocrx_word' id='word_1_71' title='bbox 100 1190 315 1274; x_wconf 79' lang='lat' dir='ltr'><strong>pulcherrima</strong></span> <span class='ocrx_word' id='word_1_72' title='bbox 334 1192 544 1276; x_wconf 89' lang='lat' dir='ltr'><strong>uberrimeque</strong></span> <span class='ocrx_word' id='word_1_73' title='bbox 567 1192 787 1259; x_wconf 82' lang='lat' dir='ltr'><strong>fructificantia</strong></span> <span class='ocrx_word' id='word_1_74' title='bbox 809 1192 977 1275; x_wconf 85' lang='lat' dir='ltr'><strong>speoimiua</strong></span> <span class='ocrx_word' id='word_1_75' title='bbox 992 1193 1114 1260; x_wconf 89' lang='lat' dir='ltr'><strong>domina</strong></span> <span class='ocrx_word' id='word_1_76' title='bbox 1129 1195 1257 1261; x_wconf 82' lang='lat' dir='ltr'><strong>Bonum</strong></span> <span class='ocrx_word' id='word_1_77' title='bbox 1280 1197 1311 1262; x_wconf 93' lang='lat' dir='ltr'><strong>iu</strong></span> <span class='ocrx_word' id='word_1_78' title='bbox 1333 1215 1385 1262; x_wconf 89' lang='lat' dir='ltr'><strong>ar·</strong></span> 
     </span>
     <span class='ocr_line' id='line_1_10' title="bbox 100 1295 1385 1383; baseline 0.005 -24"><span class='ocrx_word' id='word_1_79' title='bbox 100 1295 213 1360; x_wconf 88' lang='lat' dir='ltr'><strong>borum</strong></span> <span class='ocrx_word' id='word_1_80' title='bbox 247 1296 364 1362; x_wconf 87' lang='lat' dir='ltr'><strong>trnuois</strong></span> <span class='ocrx_word' id='word_1_81' title='bbox 395 1315 481 1362; x_wconf 79' lang='lat' dir='ltr'><strong>senus</strong></span> <span class='ocrx_word' id='word_1_82' title='bbox 511 1296 644 1362; x_wconf 83' lang='lat' dir='ltr'><strong>rivulum</strong></span> <span class='ocrx_word' id='word_1_83' title='bbox 669 1297 797 1382; x_wconf 78' lang='lat' dir='ltr'><strong>Brapue</strong></span> <span class='ocrx_word' id='word_1_84' title='bbox 829 1315 922 1380; x_wconf 89' lang='lat' dir='ltr'><strong>prope</strong></span> <span class='ocrx_word' id='word_1_85' title='bbox 955 1298 1084 1364; x_wconf 78' lang='lat' dir='ltr'><strong>Antibee</strong></span> <span class='ocrx_word' id='word_1_86' title='bbox 1115 1298 1194 1383; x_wconf 83' lang='lat' dir='ltr'><strong>legit</strong></span> <span class='ocrx_word' id='word_1_87' title='bbox 1225 1301 1255 1365; x_wconf 90' lang='lat' dir='ltr'><strong>et</strong></span> <span class='ocrx_word' id='word_1_88' title='bbox 1286 1301 1385 1380; x_wconf 90' lang='lat' dir='ltr'><strong>dedit;</strong></span> 
     </span>
     <span class='ocr_line' id='line_1_11' title="bbox 100 1400 1382 1487; baseline 0.007 -22"><span class='ocrx_word' id='word_1_89' title='bbox 100 1401 170 1484; x_wconf 88' lang='lat' dir='ltr'><strong>ipse</strong></span> <span class='ocrx_word' id='word_1_90' title='bbox 185 1400 248 1466; x_wconf 84' lang='lat' dir='ltr'><strong>vidi</strong></span> <span class='ocrx_word' id='word_1_91' title='bbox 269 1402 300 1468; x_wconf 91' lang='lat' dir='ltr'><strong>in</strong></span> <span class='ocrx_word' id='word_1_92' title='bbox 317 1402 399 1469; x_wconf 86' lang='lat' dir='ltr'><strong>sarie</strong></span> <span class='ocrx_word' id='word_1_93' title='bbox 415 1401 488 1469; x_wconf 82' lang='lat' dir='ltr'><strong>fluv.</strong></span> <span class='ocrx_word' id='word_1_94' title='bbox 505 1404 642 1468; x_wconf 62' lang='lat' dir='ltr'><strong>Heroull</strong></span> <span class='ocrx_word' id='word_1_95' title='bbox 663 1422 755 1487; x_wconf 88' lang='lat' dir='ltr'><strong>prope</strong></span> <span class='ocrx_word' id='word_1_96' title='bbox 770 1402 976 1486; x_wconf 89' lang='lat' dir='ltr'><strong>Monspelium</strong></span> <span class='ocrx_word' id='word_1_97' title='bbox 1000 1405 1031 1468; x_wconf 90' lang='lat' dir='ltr'><strong>et</strong></span> <span class='ocrx_word' id='word_1_98' title='bbox 1053 1403 1084 1468; x_wconf 94' lang='lat' dir='ltr'><strong>in</strong></span> <span class='ocrx_word' id='word_1_99' title='bbox 1108 1405 1225 1470; x_wconf 84' lang='lat' dir='ltr'><strong>truncis</strong></span> <span class='ocrx_word' id='word_1_100' title='bbox 1241 1407 1382 1474; x_wconf 87' lang='lat' dir='ltr'><strong>arborum</strong></span> 
     </span>
     <span class='ocr_line' id='line_1_12' title="bbox 100 1505 1386 1594; baseline 0.005 -23"><span class='ocrx_word' id='word_1_101' title='bbox 100 1505 288 1589; x_wconf 77' lang='lat' dir='ltr'><strong>praeprimis</strong></span> <span class='ocrx_word' id='word_1_102' title='bbox 306 1507 447 1586; x_wconf 81' lang='lat' dir='ltr'><strong>Querens</strong></span> <span class='ocrx_word' id='word_1_103' title='bbox 470 1507 551 1573; x_wconf 90' lang='lat' dir='ltr'><strong>horti</strong></span> <span class='ocrx_word' id='word_1_104' title='bbox 576 1508 654 1592; x_wconf 84' lang='lat' dir='ltr'><strong>regii</strong></span> <span class='ocrx_word' id='word_1_105' title='bbox 678 1509 716 1573; x_wconf 88' lang='lat' dir='ltr'><strong>ad</strong></span> <span class='ocrx_word' id='word_1_106' title='bbox 738 1507 943 1584; x_wconf 68' lang='lat' dir='ltr'><strong>Florentium</strong></span> <span class='ocrx_word' id='word_1_107' title='bbox 966 1527 1059 1591; x_wconf 90' lang='lat' dir='ltr'><strong>prope</strong></span> <span class='ocrx_word' id='word_1_108' title='bbox 1074 1508 1204 1576; x_wconf 86' lang='lat' dir='ltr'><strong>Romam</strong></span> <span class='ocrx_word' id='word_1_109' title='bbox 1227 1510 1294 1594; x_wconf 81' lang='lat' dir='ltr'><strong>(Ga.</strong></span> <span class='ocrx_word' id='word_1_110' title='bbox 1312 1513 1386 1578; x_wconf 79' lang='lat' dir='ltr'><strong>Fro-</strong></span> 
     </span>
     <span class='ocr_line' id='line_1_13' title="bbox 101 1609 625 1700; baseline 0.008 -26"><span class='ocrx_word' id='word_1_111' title='bbox 101 1609 363 1688; x_wconf 81' lang='lat' dir='ltr'><strong>nrm-anznnnr,</strong></span> <span class='ocrx_word' id='word_1_112' title='bbox 386 1612 441 1677; x_wconf 90' lang='lat' dir='ltr'><strong>Dr.</strong></span> <span class='ocrx_word' id='word_1_113' title='bbox 464 1611 625 1700; x_wconf 78' lang='lat' dir='ltr'><strong>Wsnron).</strong></span> 
     </span>
    </p>

    <p class='ocr_par' dir='ltr' id='par_1_4' title="bbox 195 1715 548 1784">
     <span class='ocr_line' id='line_1_14' title="bbox 195 1715 548 1784; baseline 0.014 -5"><span class='ocrx_word' id='word_1_114' title='bbox 195 1715 304 1781; x_wconf 83' lang='lat' dir='ltr'><strong>Frocl.</strong></span> <span class='ocrx_word' id='word_1_115' title='bbox 327 1723 444 1781; x_wconf 81' lang='lat' dir='ltr'><strong>matur.</strong></span> <span class='ocrx_word' id='word_1_116' title='bbox 467 1736 548 1784; x_wconf 84' lang='lat' dir='ltr'><strong>vere.</strong></span> 
     </span>
    </p>
   </div>
   <div class='ocr_carea' id='block_1_4' title="bbox 194 1843 1387 1922">
    <p class='ocr_par' dir='ltr' id='par_1_5' title="bbox 194 1843 1387 1922">
     <span class='ocr_line' id='line_1_15' title="bbox 194 1843 1387 1922; baseline 0.005 -19"><span class='ocrx_word' id='word_1_117' title='bbox 194 1845 222 1903; x_wconf 83' lang='lat' dir='ltr'>A</span> <span class='ocrx_word' id='word_1_118' title='bbox 240 1843 398 1904; x_wconf 80' lang='lat' dir='ltr'><strong>Cinolidoto</strong></span> <span class='ocrx_word' id='word_1_119' title='bbox 413 1847 537 1922; x_wconf 70' lang='lat' dir='ltr'><strong>ripario,</strong></span> <span class='ocrx_word' id='word_1_120' title='bbox 558 1845 603 1906; x_wconf 85' lang='lat' dir='ltr'><strong>eui</strong></span> <span class='ocrx_word' id='word_1_121' title='bbox 619 1845 699 1905; x_wconf 86' lang='lat' dir='ltr'><strong>haud</strong></span> <span class='ocrx_word' id='word_1_122' title='bbox 714 1847 875 1917; x_wconf 87' lang='lat' dir='ltr'><strong>dissimilis,</strong></span> <span class='ocrx_word' id='word_1_123' title='bbox 891 1845 988 1905; x_wconf 80' lang='lat' dir='ltr'><strong>differt</strong></span> <span class='ocrx_word' id='word_1_124' title='bbox 1002 1846 1216 1908; x_wconf 86' lang='lat' dir='ltr'><strong>inflorescentia</strong></span> <span class='ocrx_word' id='word_1_125' title='bbox 1231 1849 1387 1921; x_wconf 88' lang='lat' dir='ltr'><strong>terminali,</strong></span> 
     </span>
    </p>
   </div>
   <div class='ocr_carea' id='block_1_5' title="bbox 104 1931 1387 2078">
    <p class='ocr_par' dir='ltr' id='par_1_6' title="bbox 104 1931 1387 2078">
     <span class='ocr_line' id='line_1_16' title="bbox 104 1931 1387 2078; baseline 0.005 -88"><span class='ocrx_word' id='word_1_126' title='bbox 104 1931 187 1992; x_wconf 87' lang='lat' dir='ltr'><strong>foliis</strong></span> <span class='ocrx_word' id='word_1_127' title='bbox 210 1931 294 2078; x_wconf 55' lang='lat' dir='ltr'><strong>tlgrete</strong></span> <span class='ocrx_word' id='word_1_128' title='bbox 325 1933 466 1993; x_wconf 87' lang='lat' dir='ltr'><strong>viridibus</strong></span> <span class='ocrx_word' id='word_1_129' title='bbox 489 1936 613 2008; x_wconf 88' lang='lat' dir='ltr'><strong>utraque</strong></span> <span class='ocrx_word' id='word_1_130' title='bbox 637 1933 710 1993; x_wconf 85' lang='lat' dir='ltr'><strong>iaoie</strong></span> <span class='ocrx_word' id='word_1_131' title='bbox 737 1934 822 1994; x_wconf 79' lang='lat' dir='ltr'><strong>valde</strong></span> <span class='ocrx_word' id='word_1_132' title='bbox 850 1933 1016 2009; x_wconf 71' lang='lat' dir='ltr'><strong>pruinosis,</strong></span> <span class='ocrx_word' id='word_1_133' title='bbox 1047 1933 1191 2012; x_wconf 90' lang='lat' dir='ltr'><strong>limboque</strong></span> <span class='ocrx_word' id='word_1_134' title='bbox 1214 1937 1311 1997; x_wconf 85' lang='lat' dir='ltr'><strong>subito</strong></span> <span class='ocrx_word' id='word_1_135' title='bbox 1342 1937 1387 1997; x_wconf 93' lang='lat' dir='ltr'><strong>in·</strong></span> 
     </span>
     <span class='ocr_line' id='line_1_17' title="bbox 104 2036 250 2078; baseline -0.014 0"><span class='ocrx_word' id='word_1_136' title='bbox 104 2036 209 2078; x_wconf 84' lang='lat' dir='ltr'><strong>crassa</strong></span> <span class='ocrx_word' id='word_1_137' title='bbox 244 2063 250 2076; x_wconf 94' lang='lat'><strong>.</strong></span> 
     </span>
    </p>
   </div>
   <div class='ocr_carea' id='block_1_6' title="bbox 519 2185 983 2272">
    <p class='ocr_par' dir='ltr' id='par_1_7' title="bbox 519 2185 983 2272">
     <span class='ocr_line' id='line_1_18' title="bbox 519 2185 983 2272; baseline -0.006 -18"><span class='ocrx_word' id='word_1_138' title='bbox 519 2185 651 2272; x_wconf 83' lang='lat' dir='ltr'><strong>Subgen.</strong></span> <span class='ocrx_word' id='word_1_139' title='bbox 673 2186 703 2252; x_wconf 88' lang='lat'><strong>6.</strong></span> <span class='ocrx_word' id='word_1_140' title='bbox 749 2185 983 2271; x_wconf 80' lang='lat' dir='ltr'><strong>Syntrichia</strong></span> 
     </span>
    </p>
   </div>
   <div class='ocr_carea' id='block_1_7' title="bbox 106 2341 1389 2636">
    <p class='ocr_par' dir='ltr' id='par_1_8' title="bbox 106 2341 1389 2636">
     <span class='ocr_line' id='line_1_19' title="bbox 196 2341 1388 2428; baseline 0.005 -21"><span class='ocrx_word' id='word_1_141' title='bbox 196 2342 329 2409; x_wconf 78' lang='lat' dir='ltr'><strong>Plantae</strong></span> <span class='ocrx_word' id='word_1_142' title='bbox 350 2341 491 2428; x_wconf 89' lang='lat' dir='ltr'><strong>majores,</strong></span> <span class='ocrx_word' id='word_1_143' title='bbox 514 2342 710 2409; x_wconf 83' lang='lat' dir='ltr'><strong>robustiores.</strong></span> <span class='ocrx_word' id='word_1_144' title='bbox 742 2343 830 2409; x_wconf 75' lang='lat' dir='ltr'><strong>Ilolie</strong></span> <span class='ocrx_word' id='word_1_145' title='bbox 854 2342 1158 2428; x_wconf 68' lang='lat' dir='ltr'><strong>oblongo-lingulam</strong></span> <span class='ocrx_word' id='word_1_146' title='bbox 1174 2346 1222 2411; x_wconf 89' lang='lat' dir='ltr'><strong>vel</strong></span> <span class='ocrx_word' id='word_1_147' title='bbox 1240 2346 1388 2413; x_wconf 80' lang='lat' dir='ltr'><strong>obosato·</strong></span> 
     </span>
     <span class='ocr_line' id='line_1_20' title="bbox 106 2446 1389 2532; baseline 0.004 -21"><span class='ocrx_word' id='word_1_148' title='bbox 106 2446 299 2530; x_wconf 86' lang='lat' dir='ltr'><strong>spathulata,</strong></span> <span class='ocrx_word' id='word_1_149' title='bbox 322 2454 411 2529; x_wconf 85' lang='lat' dir='ltr'><strong>parte</strong></span> <span class='ocrx_word' id='word_1_150' title='bbox 433 2447 587 2530; x_wconf 85' lang='lat' dir='ltr'><strong>superiore</strong></span> <span class='ocrx_word' id='word_1_151' title='bbox 609 2467 626 2513; x_wconf 84' lang='lat' dir='ltr'><strong>e</strong></span> <span class='ocrx_word' id='word_1_152' title='bbox 648 2446 766 2512; x_wconf 90' lang='lat' dir='ltr'><strong>oellulis</strong></span> <span class='ocrx_word' id='word_1_153' title='bbox 782 2446 1037 2531; x_wconf 85' lang='lat' dir='ltr'><strong>chlorophyllosis</strong></span> <span class='ocrx_word' id='word_1_154' title='bbox 1060 2447 1253 2532; x_wconf 86' lang='lat' dir='ltr'><strong>papilligeris</strong></span> <span class='ocrx_word' id='word_1_155' title='bbox 1275 2468 1389 2532; x_wconf 83' lang='lat' dir='ltr'><strong>parru-</strong></span> 
     </span>
     <span class='ocr_line' id='line_1_21' title="bbox 106 2551 1388 2636; baseline 0.002 -19"><span class='ocrx_word' id='word_1_156' title='bbox 106 2553 147 2618; x_wconf 90' lang='lat' dir='ltr'><strong>lis</strong></span> <span class='ocrx_word' id='word_1_157' title='bbox 163 2551 408 2636; x_wconf 84' lang='lat' dir='ltr'><strong>paohydermicis</strong></span> <span class='ocrx_word' id='word_1_158' title='bbox 423 2555 487 2618; x_wconf 90' lang='lat' dir='ltr'><strong>rete</strong></span> <span class='ocrx_word' id='word_1_159' title='bbox 503 2553 692 2636; x_wconf 81' lang='lat' dir='ltr'><strong>hexagonum</strong></span> <span class='ocrx_word' id='word_1_160' title='bbox 709 2551 911 2617; x_wconf 78' lang='lat' dir='ltr'><strong>formantibus</strong></span> <span class='ocrx_word' id='word_1_161' title='bbox 926 2551 1105 2635; x_wconf 80' lang='lat' dir='ltr'><strong>composita,</strong></span> <span class='ocrx_word' id='word_1_162' title='bbox 1122 2552 1237 2619; x_wconf 84' lang='lat' dir='ltr'><strong>inferne</strong></span> <span class='ocrx_word' id='word_1_163' title='bbox 1258 2575 1275 2620; x_wconf 92' lang='lat' dir='ltr'><strong>e</strong></span> <span class='ocrx_word' id='word_1_164' title='bbox 1295 2555 1388 2620; x_wconf 82' lang='lat' dir='ltr'><strong>cellu-</strong></span> 
     </span>
    </p>
   </div>
   <div class='ocr_carea' id='block_1_8' title="bbox 107 2654 1391 2950">
    <p class='ocr_par' dir='ltr' id='par_1_9' title="bbox 107 2654 1391 2950">
     <span class='ocr_line' id='line_1_22' title="bbox 107 2654 1390 2742; baseline 0.002 -20"><span class='ocrx_word' id='word_1_165' title='bbox 107 2657 148 2722; x_wconf 90' lang='lat' dir='ltr'><strong>lis</strong></span> <span class='ocrx_word' id='word_1_166' title='bbox 172 2655 273 2721; x_wconf 89' lang='lat' dir='ltr'><strong>multo</strong></span> <span class='ocrx_word' id='word_1_167' title='bbox 294 2654 462 2739; x_wconf 85' lang='lat' dir='ltr'><strong>majoribus</strong></span> <span class='ocrx_word' id='word_1_168' title='bbox 494 2654 628 2738; x_wconf 86' lang='lat' dir='ltr'><strong>hyalinis</strong></span> <span class='ocrx_word' id='word_1_169' title='bbox 657 2654 794 2720; x_wconf 80' lang='lat' dir='ltr'><strong>leonibus</strong></span> <span class='ocrx_word' id='word_1_170' title='bbox 823 2655 1196 2740; x_wconf 83' lang='lat' dir='ltr'><strong>reetaugulo-heragouis.</strong></span> <span class='ocrx_word' id='word_1_171' title='bbox 1241 2656 1390 2742; x_wconf 86' lang='lat' dir='ltr'><strong>Calyptra</strong></span> 
     </span>
     <span class='ocr_line' id='line_1_23' title="bbox 107 2757 1390 2846; baseline 0.002 -19"><span class='ocrx_word' id='word_1_172' title='bbox 107 2759 294 2844; x_wconf 84' lang='lat' dir='ltr'><strong>majuscula.</strong></span> <span class='ocrx_word' id='word_1_173' title='bbox 339 2758 471 2843; x_wconf 86' lang='lat' dir='ltr'><strong>Capsola</strong></span> <span class='ocrx_word' id='word_1_174' title='bbox 493 2759 525 2824; x_wconf 93' lang='lat' dir='ltr'><strong>in</strong></span> <span class='ocrx_word' id='word_1_175' title='bbox 548 2757 696 2842; x_wconf 90' lang='lat' dir='ltr'><strong>pedioello</strong></span> <span class='ocrx_word' id='word_1_176' title='bbox 720 2758 821 2824; x_wconf 87' lang='lat' dir='ltr'><strong>valido</strong></span> <span class='ocrx_word' id='word_1_177' title='bbox 843 2761 962 2838; x_wconf 80' lang='lat' dir='ltr'><strong>ereata,</strong></span> <span class='ocrx_word' id='word_1_178' title='bbox 997 2760 1129 2844; x_wconf 75' lang='lat' dir='ltr'><strong>oblonga</strong></span> <span class='ocrx_word' id='word_1_179' title='bbox 1151 2761 1200 2826; x_wconf 84' lang='lat' dir='ltr'><strong>vel</strong></span> <span class='ocrx_word' id='word_1_180' title='bbox 1223 2761 1390 2846; x_wconf 86' lang='lat' dir='ltr'><strong>oyliudrioa</strong></span> 
     </span>
     <span class='ocr_line' id='line_1_24' title="bbox 108 2863 1391 2950; baseline 0.002 -20"><span class='ocrx_word' id='word_1_181' title='bbox 108 2885 164 2950; x_wconf 92' lang='lat' dir='ltr'><strong>pro</strong></span> <span class='ocrx_word' id='word_1_182' title='bbox 188 2883 275 2930; x_wconf 87' lang='lat' dir='ltr'><strong>more</strong></span> <span class='ocrx_word' id='word_1_183' title='bbox 297 2863 491 2931; x_wconf 85' lang='lat' dir='ltr'><strong>subarouata.</strong></span> <span class='ocrx_word' id='word_1_184' title='bbox 536 2863 700 2944; x_wconf 80' lang='lat' dir='ltr'><strong>Annulus,</strong></span> <span class='ocrx_word' id='word_1_185' title='bbox 734 2882 801 2928; x_wconf 89' lang='lat' dir='ltr'><strong>oum</strong></span> <span class='ocrx_word' id='word_1_186' title='bbox 825 2863 931 2943; x_wconf 89' lang='lat' dir='ltr'><strong>adest,</strong></span> <span class='ocrx_word' id='word_1_187' title='bbox 966 2863 1167 2947; x_wconf 86' lang='lat' dir='ltr'><strong>compositus.</strong></span> <span class='ocrx_word' id='word_1_188' title='bbox 1212 2866 1391 2932; x_wconf 89' lang='lat' dir='ltr'><strong>Peristomii</strong></span> 
     </span>
    </p>
   </div>
   <div class='ocr_carea' id='block_1_9' title="bbox 104 2966 1391 3156">
    <p class='ocr_par' dir='ltr' id='par_1_10' title="bbox 104 2966 1391 3156">
     <span class='ocr_line' id='line_1_25' title="bbox 106 2966 1391 3052; baseline 0 -16"><span class='ocrx_word' id='word_1_189' title='bbox 106 2971 203 3036; x_wconf 89' lang='lat' dir='ltr'><strong>tubus</strong></span> <span class='ocrx_word' id='word_1_190' title='bbox 226 2968 404 3051; x_wconf 89' lang='lat' dir='ltr'><strong>plerumque</strong></span> <span class='ocrx_word' id='word_1_191' title='bbox 425 2968 514 3034; x_wconf 85' lang='lat' dir='ltr'><strong>valde</strong></span> <span class='ocrx_word' id='word_1_192' title='bbox 537 2969 719 3051; x_wconf 85' lang='lat' dir='ltr'><strong>productus,</strong></span> <span class='ocrx_word' id='word_1_193' title='bbox 749 2967 876 3050; x_wconf 85' lang='lat' dir='ltr'><strong>pulchre</strong></span> <span class='ocrx_word' id='word_1_194' title='bbox 906 2966 1063 3049; x_wconf 76' lang='lat' dir='ltr'><strong>spiraliter</strong></span> <span class='ocrx_word' id='word_1_195' title='bbox 1084 2969 1391 3052; x_wconf 83' lang='lat' dir='ltr'><strong>reotaugnlo-tessel·</strong></span> 
     </span>
     <span class='ocr_line' id='line_1_26' title="bbox 104 3070 1209 3156; baseline -0.004 -14"><span class='ocrx_word' id='word_1_196' title='bbox 104 3077 206 3151; x_wconf 87' lang='lat' dir='ltr'><strong>latus,</strong></span> <span class='ocrx_word' id='word_1_197' title='bbox 229 3073 360 3156; x_wconf 84' lang='lat' dir='ltr'><strong>integer,</strong></span> <span class='ocrx_word' id='word_1_198' title='bbox 384 3092 453 3138; x_wconf 90' lang='lat' dir='ltr'><strong>raro</strong></span> <span class='ocrx_word' id='word_1_199' title='bbox 475 3074 618 3155; x_wconf 88' lang='lat' dir='ltr'><strong>pertusus</strong></span> <span class='ocrx_word' id='word_1_200' title='bbox 640 3071 689 3138; x_wconf 83' lang='lat' dir='ltr'><strong>vel</strong></span> <span class='ocrx_word' id='word_1_201' title='bbox 712 3070 873 3137; x_wconf 90' lang='lat' dir='ltr'><strong>oribrosus.</strong></span> <span class='ocrx_word' id='word_1_202' title='bbox 918 3071 1031 3154; x_wconf 89' lang='lat' dir='ltr'><strong>Sporae</strong></span> <span class='ocrx_word' id='word_1_203' title='bbox 1054 3071 1209 3154; x_wconf 88' lang='lat' dir='ltr'><strong>parvulae.</strong></span> 
     </span>
    </p>
   </div>
   <div class='ocr_carea' id='block_1_10' title="bbox 172 3189 943 3276">
    <p class='ocr_par' dir='ltr' id='par_1_11' title="bbox 172 3189 943 3276">
     <span class='ocr_line' id='line_1_27' title="bbox 172 3189 943 3276; baseline 0.001 -17"><span class='ocrx_word' id='word_1_204' title='bbox 172 3189 365 3260; x_wconf 70' lang='lat' dir='ltr'><strong>‘Habitatio</strong></span> <span class='ocrx_word' id='word_1_205' title='bbox 387 3191 556 3271; x_wconf 86' lang='lat' dir='ltr'><strong>terrestris,</strong></span> <span class='ocrx_word' id='word_1_206' title='bbox 578 3192 729 3276; x_wconf 89' lang='lat' dir='ltr'><strong>rupestris</strong></span> <span class='ocrx_word' id='word_1_207' title='bbox 754 3192 785 3256; x_wconf 90' lang='lat' dir='ltr'><strong>et</strong></span> <span class='ocrx_word' id='word_1_208' title='bbox 808 3191 943 3260; x_wconf 82' lang='lat' dir='ltr'><strong>arborea.</strong></span> 
     </span>
    </p>
   </div>
   <div class='ocr_carea' id='block_1_11' title="bbox 547 3419 951 3486">
    <p class='ocr_par' dir='ltr' id='par_1_12' title="bbox 547 3419 951 3486">
     <span class='ocr_line' id='line_1_28' title="bbox 547 3419 951 3486; baseline -0.007 0"><span class='ocrx_word' id='word_1_209' title='bbox 547 3420 624 3486; x_wconf 81' lang='lat' dir='ltr'><strong>Soet.</strong></span> <span class='ocrx_word' id='word_1_210' title='bbox 648 3419 675 3486; x_wconf 92' lang='grc' dir='ltr'><strong>Ι.</strong></span> <span class='ocrx_word' id='word_1_211' title='bbox 722 3419 951 3485; x_wconf 71' lang='lat' dir='ltr'><strong>Salarama.</strong></span> 
     </span>
    </p>
   </div>
   <div class='ocr_carea' id='block_1_12' title="bbox 105 3559 1394 3855">
    <p class='ocr_par' dir='ltr' id='par_1_13' title="bbox 105 3559 1394 3855">
     <span class='ocr_line' id='line_1_29' title="bbox 198 3559 1393 3645; baseline 0.002 -15"><span class='ocrx_word' id='word_1_212' title='bbox 198 3561 390 3630; x_wconf 84' lang='lat' dir='ltr'><strong>Humiliores</strong></span> <span class='ocrx_word' id='word_1_213' title='bbox 413 3561 601 3645; x_wconf 85' lang='lat' dir='ltr'><strong>subgeueris,</strong></span> <span class='ocrx_word' id='word_1_214' title='bbox 624 3560 796 3626; x_wconf 90' lang='lat' dir='ltr'><strong>terrestres.</strong></span> <span class='ocrx_word' id='word_1_215' title='bbox 827 3559 916 3625; x_wconf 80' lang='lat' dir='ltr'><strong>Folia</strong></span> <span class='ocrx_word' id='word_1_216' title='bbox 938 3559 1095 3642; x_wconf 86' lang='lat' dir='ltr'><strong>superiora</strong></span> <span class='ocrx_word' id='word_1_217' title='bbox 1117 3560 1209 3628; x_wconf 88' lang='lat' dir='ltr'><strong>dense</strong></span> <span class='ocrx_word' id='word_1_218' title='bbox 1227 3564 1393 3645; x_wconf 78' lang='lat' dir='ltr'><strong>comantia,</strong></span> 
     </span>
     <span class='ocr_line' id='line_1_30' title="bbox 105 3663 1393 3752; baseline -0.005 -13"><span class='ocrx_word' id='word_1_219' title='bbox 105 3668 414 3752; x_wconf 79' lang='lat' dir='ltr'><strong>uberate-oblonga,</strong></span> <span class='ocrx_word' id='word_1_220' title='bbox 437 3665 767 3750; x_wconf 84' lang='lat' dir='ltr'><strong>oblongo-spathulnta</strong></span> <span class='ocrx_word' id='word_1_221' title='bbox 790 3664 839 3730; x_wconf 81' lang='lat' dir='ltr'><strong>rel</strong></span> <span class='ocrx_word' id='word_1_222' title='bbox 862 3663 1092 3748; x_wconf 86' lang='lat' dir='ltr'><strong>sublingulata,</strong></span> <span class='ocrx_word' id='word_1_223' title='bbox 1123 3669 1209 3733; x_wconf 85' lang='lat' dir='ltr'><strong>obsta</strong></span> <span class='ocrx_word' id='word_1_224' title='bbox 1231 3687 1286 3750; x_wconf 91' lang='lat' dir='ltr'><strong>pro</strong></span> <span class='ocrx_word' id='word_1_225' title='bbox 1308 3687 1393 3734; x_wconf 91' lang='lat' dir='ltr'><strong>more</strong></span> 
     </span>
     <span class='ocr_line' id='line_1_31' title="bbox 107 3767 1394 3855; baseline -0.005 -11"><span class='ocrx_word' id='word_1_226' title='bbox 107 3783 140 3843; x_wconf 93' lang='lat' dir='ltr'><strong>iu</strong></span> <span class='ocrx_word' id='word_1_227' title='bbox 164 3791 345 3842; x_wconf 89' lang='lat' dir='ltr'><strong>mucronem</strong></span> <span class='ocrx_word' id='word_1_228' title='bbox 369 3771 540 3838; x_wconf 85' lang='lat' dir='ltr'><strong>erosdeute.</strong></span> <span class='ocrx_word' id='word_1_229' title='bbox 585 3769 691 3835; x_wconf 77' lang='lat' dir='ltr'><strong>Pieres</strong></span> <span class='ocrx_word' id='word_1_230' title='bbox 712 3767 858 3848; x_wconf 87' lang='lat' dir='ltr'><strong>monoioi,</strong></span> <span class='ocrx_word' id='word_1_231' title='bbox 882 3767 1014 3834; x_wconf 85' lang='lat' dir='ltr'><strong>maseuli</strong></span> <span class='ocrx_word' id='word_1_232' title='bbox 1036 3769 1192 3851; x_wconf 85' lang='lat' dir='ltr'><strong>exiliares,</strong></span> <span class='ocrx_word' id='word_1_233' title='bbox 1214 3771 1394 3855; x_wconf 81' lang='lat' dir='ltr'><strong>gemmifer·</strong></span> 
     </span>
    </p>
   </div>
   <div class='ocr_carea' id='block_1_13' title="bbox 107 3875 399 3961">
    <p class='ocr_par' dir='ltr' id='par_1_14' title="bbox 107 3875 399 3961">
     <span class='ocr_line' id='line_1_32' title="bbox 107 3875 399 3961; baseline -0.021 -14"><span class='ocrx_word' id='word_1_234' title='bbox 107 3899 189 3959; x_wconf 91' lang='lat' dir='ltr'><strong>mes,</strong></span> <span class='ocrx_word' id='word_1_235' title='bbox 213 3875 399 3961; x_wconf 85' lang='lat' dir='ltr'><strong>pedioellati.</strong></span> 
     </span>
    </p>
   </div>
   <div class='ocr_carea' id='block_1_14' title="bbox 535 4055 975 4252">
    <p class='ocr_par' dir='ltr' id='par_1_15' title="bbox 535 4055 975 4252">
     <span class='ocr_line' id='line_1_33' title="bbox 535 4055 975 4116; baseline 0.002 -5"><span class='ocrx_word' id='word_1_236' title='bbox 535 4057 585 4116; x_wconf 79' lang='lat'><strong>41.</strong></span> <span class='ocrx_word' id='word_1_237' title='bbox 623 4055 779 4113; x_wconf 81' lang='lat' dir='ltr'><strong>Barbula</strong></span> <span class='ocrx_word' id='word_1_238' title='bbox 801 4055 975 4113; x_wconf 79' lang='lat' dir='ltr'><strong>ambulatu.</strong></span> 
     </span>
     <span class='ocr_line' id='line_1_34' title="bbox 555 4176 961 4252; baseline 0.002 -18"><span class='ocrx_word' id='word_1_239' title='bbox 555 4177 664 4252; x_wconf 84' lang='lat' dir='ltr'><strong>Bryum</strong></span> <span class='ocrx_word' id='word_1_240' title='bbox 687 4176 855 4236; x_wconf 81' lang='lat' dir='ltr'><strong>subuletum</strong></span> <span class='ocrx_word' id='word_1_241' title='bbox 878 4177 961 4235; x_wconf 84' lang='lat' dir='ltr'><strong>Lmn.</strong></span> 
     </span>
    </p>
   </div>
   <div class='ocr_carea' id='block_1_15' title="bbox 110 4323 1396 4726">
    <p class='ocr_par' dir='ltr' id='par_1_16' title="bbox 110 4323 1396 4726">
     <span class='ocr_line' id='line_1_35' title="bbox 199 4323 1396 4410; baseline -0.002 -14"><span class='ocrx_word' id='word_1_242' title='bbox 199 4331 283 4396; x_wconf 84' lang='lat' dir='ltr'><strong>Lare</strong></span> <span class='ocrx_word' id='word_1_243' title='bbox 305 4327 490 4410; x_wconf 79' lang='lat' dir='ltr'><strong>mespitans.</strong></span> <span class='ocrx_word' id='word_1_244' title='bbox 535 4325 640 4393; x_wconf 79' lang='lat' dir='ltr'><strong>(leolis</strong></span> <span class='ocrx_word' id='word_1_245' title='bbox 673 4326 775 4393; x_wconf 86' lang='lat' dir='ltr'><strong>brevis</strong></span> <span class='ocrx_word' id='word_1_246' title='bbox 798 4324 928 4408; x_wconf 86' lang='lat' dir='ltr'><strong>simplex</strong></span> <span class='ocrx_word' id='word_1_247' title='bbox 950 4323 998 4391; x_wconf 88' lang='lat' dir='ltr'><strong>vel</strong></span> <span class='ocrx_word' id='word_1_248' title='bbox 1020 4323 1135 4408; x_wconf 91' lang='lat' dir='ltr'><strong>pluries</strong></span> <span class='ocrx_word' id='word_1_249' title='bbox 1158 4325 1296 4408; x_wconf 80' lang='lat' dir='ltr'><strong>divisus,</strong></span> <span class='ocrx_word' id='word_1_250' title='bbox 1327 4327 1396 4397; x_wconf 89' lang='lat' dir='ltr'><strong>basi</strong></span> 
     </span>
     <span class='ocr_line' id='line_1_36' title="bbox 110 4421 1395 4517; baseline -0.002 -15"><span class='ocrx_word' id='word_1_251' title='bbox 110 4435 260 4502; x_wconf 76' lang='lat' dir='ltr'><strong>radiculis</strong></span> <span class='ocrx_word' id='word_1_252' title='bbox 283 4433 388 4517; x_wconf 84' lang='lat' dir='ltr'><strong>longis</strong></span> <span class='ocrx_word' id='word_1_253' title='bbox 403 4431 581 4497; x_wconf 78' lang='lat' dir='ltr'><strong>instructus.</strong></span> <span class='ocrx_word' id='word_1_254' title='bbox 611 4429 700 4496; x_wconf 80' lang='lat' dir='ltr'><strong>Folia</strong></span> <span class='ocrx_word' id='word_1_255' title='bbox 723 4421 872 4496; x_wconf 81' lang='lat' dir='ltr'><strong>oborat&#39;o-</strong></span> <span class='ocrx_word' id='word_1_256' title='bbox 894 4430 926 4495; x_wconf 90' lang='lat' dir='ltr'><strong>et</strong></span> <span class='ocrx_word' id='word_1_257' title='bbox 948 4429 1285 4516; x_wconf 85' lang='lat' dir='ltr'><strong>spathulato-oblouga,</strong></span> <span class='ocrx_word' id='word_1_258' title='bbox 1308 4437 1395 4500; x_wconf 83' lang='lat' dir='ltr'><strong>costa</strong></span> 
     </span>
     <span class='ocr_line' id='line_1_37' title="bbox 112 4533 1395 4619; baseline -0.005 -10"><span class='ocrx_word' id='word_1_259' title='bbox 112 4541 277 4608; x_wconf 79' lang='lat' dir='ltr'><strong>exoedeute</strong></span> <span class='ocrx_word' id='word_1_260' title='bbox 299 4538 498 4615; x_wconf 83' lang='lat' dir='ltr'><strong>mucronata,</strong></span> <span class='ocrx_word' id='word_1_261' title='bbox 520 4535 642 4619; x_wconf 83' lang='lat' dir='ltr'><strong>integra</strong></span> <span class='ocrx_word' id='word_1_262' title='bbox 664 4534 713 4600; x_wconf 83' lang='lat' dir='ltr'><strong>vel</strong></span> <span class='ocrx_word' id='word_1_263' title='bbox 735 4533 821 4617; x_wconf 90' lang='lat' dir='ltr'><strong>apioe</strong></span> <span class='ocrx_word' id='word_1_264' title='bbox 844 4534 983 4613; x_wconf 87' lang='lat' dir='ltr'><strong>serrata,</strong></span> <span class='ocrx_word' id='word_1_265' title='bbox 1007 4533 1145 4618; x_wconf 82' lang='lat' dir='ltr'><strong>margine</strong></span> <span class='ocrx_word' id='word_1_266' title='bbox 1168 4535 1276 4617; x_wconf 83' lang='lat' dir='ltr'><strong>plena,</strong></span> <span class='ocrx_word' id='word_1_267' title='bbox 1298 4535 1395 4602; x_wconf 88' lang='lat' dir='ltr'><strong>limbo</strong></span> 
     </span>
     <span class='ocr_line' id='line_1_38' title="bbox 112 4637 1396 4726; baseline -0.002 -16"><span class='ocrx_word' id='word_1_268' title='bbox 112 4645 196 4712; x_wconf 88' lang='lat' dir='ltr'><strong>luteo</strong></span> <span class='ocrx_word' id='word_1_269' title='bbox 218 4664 235 4711; x_wconf 90' lang='lat' dir='ltr'><strong>e</strong></span> <span class='ocrx_word' id='word_1_270' title='bbox 256 4642 380 4710; x_wconf 83' lang='lat' dir='ltr'><strong>cellulis</strong></span> <span class='ocrx_word' id='word_1_271' title='bbox 402 4640 504 4726; x_wconf 84' lang='lat' dir='ltr'><strong>longis</strong></span> <span class='ocrx_word' id='word_1_272' title='bbox 525 4637 768 4724; x_wconf 80' lang='lat' dir='ltr'><strong>paohydermieis</strong></span> <span class='ocrx_word' id='word_1_273' title='bbox 791 4638 924 4704; x_wconf 78' lang='lat' dir='ltr'><strong>formato</strong></span> <span class='ocrx_word' id='word_1_274' title='bbox 946 4637 1015 4720; x_wconf 88' lang='lat' dir='ltr'><strong>plus</strong></span> <span class='ocrx_word' id='word_1_275' title='bbox 1038 4637 1140 4706; x_wconf 91' lang='lat' dir='ltr'><strong>miuus</strong></span> <span class='ocrx_word' id='word_1_276' title='bbox 1162 4638 1323 4723; x_wconf 85' lang='lat' dir='ltr'><strong>eouspiouo</strong></span> <span class='ocrx_word' id='word_1_277' title='bbox 1345 4639 1396 4707; x_wconf 83' lang='lat' dir='ltr'><strong>rel</strong></span> 
     </span>
    </p>
   </div>
   <div class='ocr_carea' id='block_1_16' title="bbox 0 0 1722 5234">
    <p class='ocr_par' dir='ltr' id='par_1_17' title="bbox 0 0 1722 5234">
     <span class='ocr_line' id='line_1_39' title="bbox 0 0 1722 5234; baseline 0 0"><span class='ocrx_word' id='word_1_278' title='bbox 0 0 1722 5234; x_wconf 95' lang='lat' dir='ltr'><strong> </strong></span> 
     </span>
    </p>
   </div>
  </div>
 </body>
</html>
