3022 5230
392 517 473 597 Gen.
499 521 530 596 1.
573 517 782 595 Ooscinodon.

444 663 593 722 Sensueun
619 662 729 774 dulcit.

63 804 134 872 Folia
154 805 278 889 piliiera,
303 808 369 874 basi
384 809 489 876 tenum
503 810 572 877 lare
588 810 735 890 areolata,
758 811 844 876 costa
860 808 954 876 tereti
968 809 1131 888 instructa,
1147 812 1227 878 baud

22 907 143 989 dspabilia.
185 909 328 994 Calyptra
359 932 456 996 usque
477 914 519 980 ad
538 914 682 997 capsulae
706 914 818 980 collum
841 914 997 997 producta.
1042 915 1226 998 Operculum

22 1011 142 1090 annum,
171 1013 293 1080 tertiam
326 1015 390 1082 iere
422 1018 565 1100 capsulae
586 1019 707 1101 partem
731 1017 874 1084 efficiens.
920 1017 1097 1085 Peristomii
1121 1020 1227 1086 dentes

22 1113 44 1176 ub
59 1116 174 1198 capsulae
194 1119 308 1185 orificio
331 1119 476 1198 orientes,
499 1121 672 1205 majusculi,
695 1122 760 1187 late
783 1119 956 1200 lanceolati,
979 1125 1095 1188 remote
1111 1125 1250 1191 articus

22 1217 51 1292 ti,
66 1239 108 1300 pro
126 1241 201 1288 more
221 1221 310 1288 valde
332 1222 462 1290 cribrosi
483 1225 573 1310 (uude
596 1227 718 1310 generis
741 1243 850 1290 nomen
874 1251 1015 1292 κοσκινον
1037 1226 1170 1293 cribrum
1194 1231 1227 1294 et

22 1321 147 1408 redens),
167 1327 262 1392 rarius
278 1327 461 1410 subintegri,
484 1328 601 1393 minute
617 1326 785 1412 granulosi,
809 1329 948 1393 saturato
964 1329 1115 1411 purpurei,
1138 1333 1227 1398 valde

22 1430 171 1510 pposmpici.
213 1431 379 1498 Habitatio
401 1432 559 1514 rupestris.

64 1532 145 1598 Genus
164 1536 200 1600 ad
221 1537 301 1602 diem
324 1557 341 1602 e
367 1537 521 1618 speciebus
544 1538 674 1620 quatuor
693 1537 905 1620 compositum,
929 1557 1066 1620 quarum,
1089 1539 1166 1604 duae
1188 1541 1226 1606 ad

22 1633 93 1701 loram
111 1659 277 1723 europaeam
300 1640 469 1724 pertinent,
492 1641 567 1708 duae
589 1641 627 1707 ad
651 1641 1115 1725 septentrionali-amerieauam.

326 1861 354 1915 1.
392 1857 609 1914 coscinodon
630 1857 845 1928 puluinetns.

256 1994 400 2055 Grimmia
428 1996 557 2056 cribrose
585 1995 689 2055 Hsnw.
712 1997 802 2056 bleso.
826 1994 919 2056 lroud.

66 2134 143 2204 bonu
162 2142 345 2223 puluinatus,
369 2144 520 2226 pulvinuli
543 2162 560 2211 e
580 2145 798 2228 glauco-viridi
820 2146 1013 2210 canescentes
1036 2143 1084 2209 vel
1106 2145 1228 2211 omnino
1276 2231 1278 2237 A

22 2237 81 2302 usui
116 2243 190 2311 Folia
210 2250 319 2314 orato-
342 2249 376 2314 et
398 2249 461 2314 lete
483 2248 822 2334 oblongo-lanceolata,
855 2249 922 2314 basi
952 2267 1085 2315 concava
1119 2249 1228 2316 debinc

22 2339 75 2406 ledit
100 2349 196 2432 pogim
224 2352 358 2436 utraque
390 2352 442 2417 ale
472 2353 556 2418 sulco
578 2352 729 2434 profundo
752 2354 887 2418 exarata.
934 2352 1065 2436 Capsula
1086 2351 1119 2416 in
1142 2355 1227 2435 pedi-

22 2442 59 2506 rllo
74 2453 138 2515 recto
156 2455 380 2540 snbemergeus,
404 2456 545 2534 eborata,
568 2457 648 2521 collo
669 2457 702 2520 in
725 2456 906 2538 pedicellum
929 2455 1090 2534 defluente,
1116 2457 1228 2521 annulo

22 2541 100 2628 topici
122 2555 309 2636 persistente,
344 2559 559 2640 deoperculata
588 2559 669 2626 sicca
697 2559 813 2626 orificio
841 2559 905 2626 late
929 2562 1053 2642 aperto,
1087 2561 1228 2627 dentibus

22 2645 53 2712 len
69 2654 148 2722 miuus
167 2659 318 2742 cribrosis,
343 2662 433 2727 siccis
455 2662 585 2731 reflexis.
629 2664 733 2748 Bryol.
756 2682 821 2729 eur.
845 2663 915 2728 Vol.
939 2663 998 2744 III,
1021 2664 1096 2730 Tab.
1113 2663 1186 2730 230.

22 2765 284 2849 balneariorum
318 2785 428 2850 trunco
459 2783 722 2866 simpliciuseulo,
753 2785 836 2850 loliis
867 2785 1047 2852 lanceolatis
1069 2786 1229 2851 confertim

82 2877 237 2966 imbricatis,
259 2888 389 2971 patulis,
413 2907 598 2954 summorum
621 2889 760 2972 apicibus
780 2889 875 2968 cunis,
899 2889 1069 2972 peristomii
1087 2890 1229 2956 dentibus

83 2987 202 3062 penurie.
244 2991 360 3056 Hecu.
383 2991 480 3059 Musc.
501 2992 600 3060 frond.
624 2992 790 3075 111,p.73,
823 2996 847 3059 t.
872 2992 923 3058 31.

39 3093 183 3174 &bursae
205 3110 313 3195 Suppl.
357 3111 449 3177 Wss.
474 3113 505 3178 et
527 3113 626 3178 Mons
655 3114 692 3179 Β.
715 3114 751 3180 Τ.
796 3112 960 3179 Sennucn.
984 3113 1092 3198 crypt.
1115 3113 1227 3180 heluat.

82 3205 151 3276 Nune
171 3217 200 3279 et
219 3215 387 3282 Hounscn.
409 3217 515 3300 Bryol.
538 3236 635 3300 germ.
680 3218 769 3282 Bam.
791 3217 895 3301 Bryol.
919 3218 1000 3283 uniu

22 3311 152 3396 boone
168 3336 353 3418 suasurus
376 3335 506 3404 scarus.
529 3337 612 3403 mnu
636 3338 666 3403 in
689 3338 718 3403 u.
735 3337 821 3404 suu.
839 3338 873 3403 c.
898 3340 997 3422 crypt.
1014 3337 1098 3404 aas.
1116 3336 1230 3426 (reor)

84 3449 106 3510 p.
119 3435 183 3506 281.
224 3440 281 3508 Be.
309 3442 341 3506 et
355 3439 429 3507 Seu.
451 3441 558 3526 Bryol.
581 3461 644 3507 eur.
689 3441 814 3506 Hunnnn
845 3440 957 3507 Skand.
986 3441 1035 3507 lu.

22 3537 152 3619 sardon
172 3560 331 3627 moesus
352 3558 473 3625 srsuce
496 3560 576 3626 Anu.
601 3563 633 3627 et
655 3560 739 3646 Mag.
770 3563 805 3626 oi
822 3564 888 3628 nat.
912 3561 993 3627 Hist.
1040 3560 1073 3629 0.
1095 3562 1230 3628 Monens

84 3653 191 3742 Synops.
237 3666 286 3731 De
310 3665 430 3732 Nonae.
454 3665 535 3747 llpil.

32 3867 37 3878 .
70 3773 154 3844 nour.
183 3783 213 3850 in
240 3785 367 3869 rupibus
398 3787 531 3852 humidis
563 3808 579 3853 e
609 3807 685 3853 zona
715 3786 907 3854 meridionali
934 3808 1029 3872 usque
1052 3789 1084 3853 in
1107 3790 1229 3873 septen-

22 3877 139 3985 fllnelen:
159 3905 244 3974 prope
262 3890 391 3972 Gestar,
414 3891 465 3956 nbi
482 3891 628 3958 Pnssoou
650 3893 776 3972 detexit,
800 3893 831 3956 in
847 3892 1001 3978 Hercynia
1025 3894 1174 3978 (Hunos),
1198 3895 1229 3958 in

22 3971 159 4069 >risa-nigra
176 3991 241 4058 loco
264 3993 373 4074 Helle,
403 3995 435 4059 in
457 3995 588 4078 Alpibus
610 3996 792 4076 helvetiois,
816 3996 1032 4080 tyrolensibus,
1056 3997 1230 4081 Pyrenaeo·

22 4085 109 4152 neu.
123 4093 183 4173 plus
196 4097 332 4164 minusue
348 4099 502 4181 copiosum
519 4100 689 4179 observavi,
711 4101 743 4165 in
766 4099 921 4184 Norvegia
943 4100 1061 4184 (Benna
1084 4101 1115 4166 et
1137 4101 1228 4186 ipse);

22 4181 158 4262 nSardinia
176 4199 240 4284 (Fe.
263 4202 426 4289 Menneu),
449 4201 481 4266 in
503 4221 546 4267 m.
568 4202 702 4270 Vesuvio
726 4201 873 4288 (Cusum).
918 4203 979 4270 Per
1009 4204 1108 4270 totam
1131 4205 1230 4270 Euro-

22 4297 59 4356 Μ]
76 4300 206 4376 sporadice
226 4305 368 4384 occurrit,
391 4309 516 4390 excepte
538 4306 711 4388 Britannia,
734 4306 787 4373 ubi
808 4305 1007 4373 desideretur.

74 4412 162 4486 Facu.
182 4435 293 4493 matur.
314 4447 395 4495 vere.

51 4621 55 4630 ι
72 4539 192 4610 Pulvirruli
211 4555 267 4616 illis
282 4557 443 4617 Grimmice
465 4557 640 4616 orbicularis
662 4555 741 4616 haud
756 4555 919 4628 dissimiles,
941 4556 1036 4616 miuus
1050 4558 1150 4616 tamur
1162 4571 1230 4616 con·

22 4629 63 4691 lb
78 4627 136 4693 l⁰cis
155 4638 312 4704 umoribus
335 4644 390 4704 soli
413 4643 554 4720 expositis
577 4643 689 4718 inceni,
710 4643 782 4703 locis
804 4642 1014 4704 humidioribus
1037 4645 1138 4703 contra
1161 4643 1230 4703 aub-
