3182 5252
546 319 713 394 Bremen-
1200 315 1263 388 801

33 497 158 582 lippeam
177 501 384 586 pyrenoieam
415 496 534 565 Sueuos
562 499 595 563 in
626 499 706 564 Anu.
739 497 814 563 Nat.
842 495 927 562 Hist.
958 495 1016 562 vol.
1044 497 1106 578 ΙΠ,
1138 517 1167 580 p.
1195 495 1267 577 129,

116 605 137 668 t.
160 605 173 669 l
196 604 307 692 (1849)
336 604 421 670 etin
443 603 538 687 ejusd.
560 603 657 669 Musa.
680 604 791 687 Pyran.
815 601 909 684 Stirp.
932 601 1038 668 exsicc.
1084 601 1117 668 0.
1134 603 1268 668 nunnae

114 707 235 793 Synops.

33 809 156 894 lippeam
178 815 360 880 trevirostre
381 812 587 880 Soumomv
609 813 682 877 met.

95 951 195 1018 Hebit.
217 955 250 1019 in
272 953 369 1038 sylvis
391 951 504 1035 alpinis
526 969 622 1017 zonae
635 949 835 1016 intermediae
855 950 886 1014 et
901 949 1091 1028 Britanniae,
1115 951 1271 1034 eregione

33 1053 143 1120 nleriore
173 1075 265 1139 usque
297 1056 336 1123 ad
365 1056 506 1122 arborum
529 1055 647 1121 limites
670 1073 762 1120 zonas
785 1053 1033 1136 septentrionalis
1064 1054 1144 1120 baud
1167 1073 1270 1120 rarum

33 1157 65 1220 ed
83 1158 129 1224 diu
151 1161 384 1243 praetervisum:
407 1160 523 1242 primus
546 1160 577 1224 in
601 1158 757 1242 Norvegia
778 1157 817 1224 cl.
843 1157 1049 1224 Sonunarunn
1071 1157 1169 1243 legit,
1202 1158 1271 1224 dein

33 1279 47 1324 u
66 1261 207 1330 destricta
227 1265 384 1329 fluorum
407 1264 439 1329 et
461 1263 492 1328 in
519 1262 685 1348 Pyrenaeis
700 1263 737 1327 R.
754 1261 884 1342 sruuen,
908 1262 960 1327 sed
982 1263 1081 1328 selum
1104 1263 1272 1346 specimina

33 1367 105 1431 ructu
125 1367 275 1445 carentia;
298 1367 414 1433 fertilia
435 1368 552 1449 primus
574 1367 663 1433 amic.
687 1365 809 1432 Snurun
831 1366 863 1431 in
878 1365 1048 1452 Pinzgovia
1069 1367 1195 1451 reperit,
1218 1368 1272 1433 de·

33 1469 78 1534 ine
97 1471 230 1552 pluribus
251 1470 327 1536 locis
350 1489 419 1537 cum
441 1471 591 1536 lruetibus
614 1469 810 1535 observatum
832 1471 890 1549 est,
914 1487 959 1534 er.
983 1489 1029 1554 gr.
1052 1469 1085 1534 in
1099 1469 1273 1556 Norregiae

33 1591 52 1638 r.
72 1573 253 1660 Dourefjeld
274 1575 322 1659 (O.
347 1576 379 1640 et
400 1575 438 1639 lt.
461 1575 652 1660 Hmrnnu),
684 1592 730 1655 pr.
755 1573 936 1656 Saelfelden
959 1572 1030 1656 Alp.
1066 1574 1273 1666 salisburgen-

35 1675 92 1756 iun,
114 1683 145 1745 et
159 1679 321 1764 praecipue
336 1680 368 1744 in
382 1680 516 1764 Alpibus
530 1679 680 1745 bavaricis
696 1699 740 1762 pr.
759 1679 844 1760 Trita,
867 1678 906 1743 ad
922 1677 1115 1761 Kirebstein,
1138 1679 1274 1746 Fccken·

36 1785 79 1846 eiu
113 1786 144 1850 et
174 1785 379 1868 pulcherrime
407 1784 593 1850 fructificans
627 1783 659 1848 in
695 1783 885 1869 Wirtbsatpc
915 1783 996 1848 inter
1019 1783 1220 1850 Foekenstein
1243 1789 1274 1851 et

39 1885 200 1971 'ayuntein
223 1889 262 1954 ad
282 1889 398 1955 limites
421 1887 535 1973 sylvae,
558 1888 641 1954 altit.
667 1888 750 1953 1500
760 1908 813 1969 m,
835 1890 867 1955 et
889 1888 996 1954 multis
1018 1887 1090 1954 aliie
1112 1889 1198 1968 loeis,
1221 1890 1275 1956 sed

41 2009 175 2074 eramque
199 1991 304 2059 sterile
327 1992 503 2072 (Monurvno,
526 1993 700 2077 bonasus),
730 1991 762 2056 in
785 1992 907 2076 Styriae
929 1992 1059 2074 Alpibus
1081 1993 1276 2077 (Bramme),

57 2093 176 2163 Sudetis
200 2095 349 2183 (Menum,
382 2096 414 2162 in
436 2115 478 2162 m.
501 2096 612 2178 aare,
636 2097 755 2179 copiose
778 2096 949 2182 (sanusne
979 2097 1045 2180 ipse
1066 2098 1276 2181 copiosissime

45 2201 159 2266 servavi
181 2203 218 2268 in
238 2220 280 2266 m.
305 2199 480 2266 Otasserorr
502 2201 597 2268 Juraa
619 2200 799 2281 belveticae,
820 2200 873 2267 ubi
895 2201 934 2268 ad
957 2200 1114 2286 sylvarum
1138 2203 1276 2285 superio·

44 2325 69 2370 m
98 2305 258 2392 margines
286 2306 437 2389 caespites
459 2307 550 2392 louge
572 2306 695 2388 lateque
725 2307 867 2372 extensos
889 2307 1019 2386 format,
1050 2309 1083 2372 in
1105 2307 1276 2392 Prdtta‘pou

47 2410 171 2491 periore,
203 2409 236 2475 iu
265 2409 433 2476 dumetosis
464 2429 509 2492 pr.
539 2409 654 2496 glacies
677 2410 835 2490 Rhodani,
866 2411 899 2476 iu
928 2411 1050 2496 Tyrelis
1083 2412 1164 2479 valle
1187 2411 1276 2494 Dua,

47 2512 135 2579 uibus
158 2512 240 2580 locis
260 2512 294 2578 in
315 2513 448 2580 Rhaetia
470 2515 545 2590 ate.;
567 2515 599 2578 in
622 2513 727 2580 Scotia
748 2514 787 2580 ud
809 2533 963 2580 summum
979 2515 1046 2580 Bea
1062 2516 1192 2582 Larem
1206 2535 1278 2598 pro-

49 2617 92 2682 sit.
137 2619 178 2684 In
202 2616 310 2684 Novae
330 2617 462 2702 Angliae
485 2617 586 2682 Wbite
601 2618 786 2684 Mountuias
803 2617 943 2704 (Omns),
965 2619 998 2684 in
1013 2617 1140 2687 Caucasi
1160 2638 1278 2686 summo

33 2723 145 2806 ,oberte
168 2721 371 2808 (Romnum).

88 2826 206 2894 Favet.
229 2833 347 2891 matur.
370 2829 533 2892 auctumno
557 2828 589 2892 et
609 2827 708 2910 primo
732 2845 811 2893 vere.

46 3040 48 3042 V
94 2954 484 3016 praestantissumam
509 2957 670 3030 caespitum
699 2955 793 3015 minus
824 2955 982 3031 rigidarum
1008 2958 1102 3018 colore
1131 2957 1208 3018 laete
1235 2957 1281 3017 vel

53 3042 279 3113 essenti-viridi,
301 3042 382 3102 caule
404 3043 573 3118 simpliciter
596 3045 626 3102 et
647 3045 755 3103 remote
778 3043 1068 3119 pinnato-ramulosa
1091 3044 1168 3104 foliis
1190 3045 1281 3104 cauli·

35 3135 37 3142 ’
68 3131 239 3206 majoribus
259 3129 440 3204 longioribus
463 3130 570 3206 raptim
593 3131 760 3190 brevissime
784 3130 829 3190 vel
851 3131 957 3191 senaim
980 3131 1095 3206 lougius
1119 3134 1148 3192 et
1171 3149 1281 3207 angus-

78 3216 273 3288 aeuminatis,
296 3217 407 3276 inferne
429 3218 561 3292 margine
577 3219 699 3290 reflexis,
722 3217 894 3293 profundius
909 3219 1038 3291 serratis,
1061 3219 1211 3278 ramuliuis
1227 3219 1281 3278 mi·

33 3341 45 3378 ς
73 3304 224 3366 confertis
247 3303 504 3379 subcomplanatis,
527 3306 659 3366 omnibus
681 3305 877 3376 nitidioribus,
900 3305 1156 3380 periebaetialibus
1178 3323 1280 3382 squar·

44 3411 69 3472 ¹s
91 3391 322 3460 subfimbriatis,
345 3391 481 3467 capsulae
504 3393 638 3467 operculo
659 3393 776 3469 longius
799 3393 954 3468 spiculata.
998 3387 1086 3452 Haud
1102 3411 1209 3464 rarum,
1231 3393 1281 3453 sed

33 3479 230 3550 '‘atervisum,
252 3480 282 3537 et
304 3495 368 3538 cum
390 3480 529 3554 aequente
552 3481 669 3556 saepius
692 3482 740 3540 sat
762 3480 850 3540 simili
865 3483 1082 3541 commutatum.
1112 3481 1147 3540 In
1163 3481 1281 3556 Europa

37 3577 89 3660 fus
113 3565 291 3628 fruetificat.

353 3795 386 3852 4.
419 3792 666 3859 Hylocomium
687 3791 945 3850 brevlrcatrum

479 3913 573 3972 Esau.
597 3915 687 3988 btusc.
710 3914 813 3974 exsicc.

33 4031 38 4050 ''
80 4045 254 4130 Cacspites
269 4044 385 4129 magni,
408 4045 622 4125 tumescentes,
645 4044 780 4130 rigiduli‚
803 4045 927 4128 pallide,
943 4041 1041 4111 rarius
1057 4043 1194 4111 saturato
1210 4044 1285 4110 viri·

92 4149 212 4219 (taulis
236 4149 362 4229 solidus,
385 4151 645 4216 arcuato-erectus
662 4150 694 4214 et
708 4151 917 4232 procumbens,
940 4149 1151 4233 irregulariter
1166 4150 1198 4215 et
1212 4151 1285 4216 sub·

59 4255 214 4324 iculatim
238 4253 597 4338 bipinnatoramulesus,
620 4253 699 4319 baud
722 4273 792 4320 raro
815 4253 988 4339 perlongus,
1011 4251 1213 4337 parapbylliia
1228 4254 1285 4319 mi·

61 4381 77 4428 s
102 4358 263 4446 profunde
284 4357 392 4425 divisis
415 4358 552 4424 villosus.
598 4358 685 4425 Faba
706 4358 827 4426 eaulina
848 4358 964 4440 patula,
988 4374 1151 4438 squarrosa
1166 4357 1198 4422 et
1213 4358 1286 4423 sub-

35 4465 144 4556 ,nda,
172 4463 240 4530 late
262 4462 506 4542 cordato-ovata,
530 4461 633 4528 subito
648 4463 779 4548 anguste
795 4461 957 4544 spiculata,
980 4457 1048 4525 basi
1062 4459 1287 4542 semismpleri·

33 4563 39 4582 ⁵
62 4571 73 4636 i
98 4568 291 4638 decurrente
307 4567 422 4650 pluries
441 4569 473 4634 et
488 4565 700 4652 irregulariter
715 4568 844 4645 sulcata,
866 4563 999 4632 munitm
1016 4562 1179 4644 bioostata,
1201 4563 1286 4646 apice

61 4689 193 4732 curun,
210 4679 326 4732 synopes.
352 4681 394 4722 aa.
409 4681 442 4724 11.
1044 4666 1077 4721 51
