3402 5234
694 316 856 376 Pottieoaaa
1350 309 1414 386 227

133 497 205 562 orto
227 495 391 575 instructa,
415 495 555 561 saturata
576 495 625 562 rel
649 493 886 579 glauco-viridia
908 493 1012 560 aetate
1034 492 1129 573 fusca,
1152 492 1246 560 limbo
1269 493 1353 560 nnllo
1367 494 1418 562 vel

134 600 206 682 plus
228 600 329 665 minus
351 599 497 667 distincto
519 600 585 666 lato
603 600 686 665 luteo
709 599 860 665 ocellulis
885 597 1232 683 rotundato-hexagonis
1248 598 1418 682 pacbyder·

135 703 228 768 micis
251 703 384 769 formato
407 702 623 770 circumducta.
668 701 803 786 Gapsnla
829 703 863 767 in
884 702 1033 785 pedicollo
1055 703 1193 768 breviore
1215 702 1417 770 crassiusculo

134 808 378 890 purpurascente
392 807 593 874 exsiccatione
613 806 696 873 funis
718 807 757 873 ad
779 806 880 872 instar
903 806 1114 872 sinistrorsnm
1129 807 1212 872 torto
1228 808 1340 885 erecta,
1363 807 1419 872 ob·

135 913 234 996 longa
258 911 305 978 rel
329 911 533 996 cylindracea‚
556 912 667 978 leniter
688 913 832 990 arcuata,
855 911 967 990 solida,
996 913 1136 979 saturata
1158 911 1311 991 brunnen,
1334 929 1420 996 oper-

134 1018 208 1083 culo
231 1015 436 1082 tenui-conica
458 1015 586 1083 dilutius
608 1017 717 1084 tincto.
748 1015 926 1082 Peristomii
947 1015 1038 1082 tubus
1054 1015 1180 1082 tertiam
1197 1015 1332 1100 ejusdem
1347 1034 1421 1098 par·

134 1124 204 1188 tem
236 1121 420 1199 efformare,
450 1120 559 1186 dentes
588 1119 702 1203 pluries
733 1120 818 1187 arcte
849 1119 991 1186 contorti.
1044 1119 1149 1204 Bryol.
1182 1139 1246 1188 eur.
1277 1118 1347 1186 Vol.
1376 1119 1419 1200 11,

136 1226 217 1292 Tab.
245 1224 316 1291 164.

137 1329 285 1396 Barbula
308 1329 456 1413 laeaipr'ta
478 1328 563 1394 caule
586 1329 686 1394 erecto
709 1327 1010 1414 ramoso-fastigiata
1033 1328 1129 1394 ramis
1144 1329 1286 1395 brevibus
1301 1328 1421 1396 incres-

250 1433 343 1512 satia
372 1433 454 1500 loliis
476 1433 617 1518 oblongis
638 1433 837 1516 planiuscnlis
861 1433 1036 1500 subrefiexis
1058 1433 1121 1515 pilo
1142 1433 1224 1499 laevi
1246 1433 1421 1500 subtortili·

250 1539 320 1614 bns,
353 1539 459 1605 thecae
481 1538 691 1622 cylindraceae
712 1537 954 1604 incurriusculae
976 1538 1116 1620 operculo
1139 1536 1242 1605 conica
1265 1538 1419 1606 subulato.

252 1642 344 1706 Baro.
368 1641 467 1706 blant.
491 1641 590 1708 Musc.
613 1661 643 1724 p.
667 1640 719 1720 38,
742 1641 847 1727 Brpol.
871 1642 955 1708 univ.
1000 1643 1058 1708 Ba.
1082 1642 1114 1707 el
1129 1639 1201 1708 Soa.
1226 1642 1332 1726 Bryol.
1355 1662 1419 1710 eur.

253 1743 287 1811 C.
309 1745 445 1810 Muenna
468 1745 597 1829 Synops.

142 1850 279 1915 'lbrtala
301 1849 449 1934 laeoipila
472 1848 658 1916 Soudanon.
680 1848 785 1932 Suppl.
808 1849 851 1928 ΙΙ,
874 1850 949 1916 Tab.
978 1849 1047 1916 120.
1093 1851 1142 1915 Da
1155 1850 1274 1918 Norae„
1296 1851 1372 1936 Syll.
1390 1853 1422 1918 at

255 1952 336 2036 Epil.
382 1952 515 2019 Wruson
536 1952 641 2036 Bryol.
665 1953 745 2018 Brit.
789 1954 917 2019 Hadru.
940 1953 1053 2022 Skand.
1076 1955 1124 2020 ill.

232 2057 342 2123 Habit.
366 2058 405 2123 ad
427 2058 551 2124 truncos
574 2057 717 2140 arborum
741 2058 959 2140 campestrium
981 2077 1035 2141 por
1051 2059 1151 2126 totam
1166 2060 1320 2144 Europam
1342 2062 1423 2128 tem-

141 2164 284 2246 peratam
308 2163 399 2244 atque
422 2161 611 2228 calidiorem:
643 2162 675 2226 in
698 2161 780 2227 valle
801 2163 936 2229 rhenana
959 2163 1138 2246 praeprimis
1170 2164 1210 2230 ad
1238 2165 1424 2250 Populorum

142 2269 270 2333 truncos
293 2265 452 2348 provenit,
476 2265 507 2332 in
530 2265 625 2331 ltalia
647 2267 678 2331 et
699 2266 732 2330 in
754 2264 905 2348 Hispania
927 2266 1120 2334 meridionali
1142 2270 1182 2334 ad
1205 2271 1328 2336 truncos
1349 2288 1423 2337 ano·

143 2390 197 2436 sos
213 2370 307 2436 Oleae
329 2370 447 2453 copiose
463 2369 639 2448 observari;
663 2369 697 2434 in
712 2369 816 2438 Galba
831 2371 1023 2438 meridionali
1038 2371 1238 2454 copiosiorem
1253 2373 1317 2440 ridi
1332 2393 1425 2458 quarn

145 2476 186 2542 Β.
210 2477 370 2553 roratur,
402 2475 434 2540 in
457 2475 560 2542 Scotia
592 2475 784 2541 abundanter
814 2475 852 2541 ad
883 2477 1026 2543 arborum
1055 2478 1181 2544 truncos
1204 2480 1235 2544 et
1257 2479 1296 2546 ad
1317 2498 1425 2561 rupes;

145 2599 163 2645 e
186 2579 326 2662 pluribus
348 2578 422 2645 locis
447 2577 579 2662 Angliae
604 2578 643 2644 ad
673 2597 763 2662 rupes
795 2579 949 2645 calcareas
971 2580 1084 2647 lectam
1106 2581 1195 2648 amic.
1219 2581 1320 2649 Wooo
1342 2601 1426 2649 com-

145 2684 331 2759 manicavit3
355 2681 495 2766 vulgaris
516 2681 550 2747 in
571 2681 729 2748 Hibernia.

234 2787 344 2853 Fract.
366 2794 483 2852 anatra.
507 2788 637 2853 aestate.

235 2899 341 2958 Differt
364 2917 381 2958 a
403 2899 440 2957 Β.
462 2901 561 2959 rurali
582 2901 698 2958 statura
720 2897 881 2970 humiliore,
902 2899 980 2958 foliis
1002 2900 1097 2958 minus
1120 2901 1427 2976 recurvo-squamosis,

145 2988 207 3063 pilo
231 2987 362 3046 breviora
384 2986 461 3045 laevi
483 2987 649 3056 instructio,
672 2986 832 3045 saturatins
854 2986 1010 3058 viridibus,
1033 2987 1153 3047 fioribus
1175 2989 1327 3059 monoicis,
1351 2987 1427 3062 peri-

146 3075 254 3135 stomio
277 3073 407 3133 breviora
430 3075 604 3148 breuiusque
627 3074 772 3133 tubuloso.

235 3161 371 3220 Barbula
393 3161 648 3238 laeaipc'laeformia
669 3160 713 3218 Du
734 3160 807 3220 Nor.
834 3178 892 3220 non
921 3161 1046 3220 alitora
1072 3161 1164 3221 torma
1186 3162 1309 3221 normali
1330 3160 1429 3220 differt

146 3267 235 3326 quam
265 3251 383 3308 statura
412 3248 564 3309 humiliore
592 3250 622 3307 et
651 3247 729 3306 toliis
750 3248 811 3307 lato
834 3251 864 3307 et
886 3247 1023 3308 distincto
1045 3247 1279 3309 luteo-limbatis.
1323 3249 1428 3308 Forma

146 3338 221 3396 haec
244 3336 399 3412 praecipue
422 3335 451 3394 in
474 3336 593 3411 regione
613 3335 797 3395 meridionali
823 3335 966 3410 provenit.
1012 3336 1067 3396 Sed
1090 3336 1249 3409 specimina
1271 3355 1286 3397 e
1310 3336 1428 3412 regione

146 3423 246 3570 Ἤ
268 3426 298 3482 et
322 3422 508 3569 etBritannia
531 3425 600 3483 ante
623 3422 720 3483 oculos
742 3421 836 3482 habeo
859 3440 933 3498 quae
957 3421 1035 3483 nullo
1058 3423 1142 3483 modo
1163 3423 1252 3483 limbo
1273 3422 1429 3499 marginali

146 3530 173 3572 er
261 3527 371 3570 caran.

617 3622 653 3677 B.
688 3619 813 3678 Floras
832 3619 948 3678 dicici.

579 3737 636 3794 46.
665 3736 821 3794 Barbula
841 3735 1002 3794 latifolia.

636 3842 689 3901 Ba.
713 3841 749 3900 ad
772 3841 865 3900 Baros
880 3842 947 3900 met.

239 3955 458 4038 irregulariter
480 3955 697 4036 caespitulosa,
721 3954 883 4037 caespituli
906 3955 1045 4020 saturata
1066 3955 1116 4020 vel
1131 3953 1341 4022 atro-virides.
1372 3956 1431 4023 Fo-

149 4058 195 4124 lia
219 4056 368 4124 interiora
389 4059 528 4137 remota,
563 4057 862 4143 eborata-oblonga,
895 4058 1052 4141 superiora
1080 4058 1113 4123 in
1135 4059 1271 4126 rasulam
1293 4059 1432 4142 patulam

151 4165 302 4247 congesta
325 4162 686 4247 spathulato-lingnlata,
709 4164 796 4229 costa
819 4181 890 4228 curn
913 4161 997 4244 apice
1019 4163 1214 4248 emarginato
1238 4163 1362 4230 finiente
1383 4165 1433 4230 vel

152 4267 314 4352 paululum
336 4285 405 4332 eum
429 4271 610 4350 superante,
642 4265 723 4332 sicca
745 4267 947 4349 complicata,
979 4268 1064 4333 vario
1086 4268 1176 4334 modo
1198 4270 1284 4335 torta
1307 4270 1338 4334 et
1360 4268 1434 4335 sub·

152 4371 337 4438 ananau
351 4389 368 4436 e
383 4371 521 4454 squalido
532 4371 835 4438 viridi-mfasccntia.
867 4371 1001 4455 Capsula
1016 4374 1048 4438 in
1063 4373 1210 4455 pedicello
1226 4373 1364 4441 breriore
1379 4373 1434 4440 ob·

152 4476 451 4562 longo-cylindrus,
480 4477 635 4557 brandea,
666 4477 777 4543 annulo
809 4479 942 4562 angusto
973 4477 1134 4564 esingrrla
1156 4477 1336 4544 cellularum
1358 4478 1436 4546 serie

153 4581 324 4648 efformata.
370 4579 589 4647 Peristomium
610 4582 647 4647 ut
668 4581 702 4647 in
725 4581 869 4649 Barbam
891 4582 1049 4668 laeoipr‘la.
1094 4583 1198 4669 Bryol.
1220 4602 1282 4651 eur.
1306 4581 1436 4663 v01.11,

153 4685 230 4753 Tab.
257 4681 332 4752 lul.

1175 4789 1229 4848 15·
