3358 5254
849 362 1018 436 lippeam.

293 547 459 608 amerieans
481 546 579 608 differt
600 547 679 608 notis
702 545 835 622 pluribus
858 547 897 608 sb
919 563 1064 624 enmpaes
1087 541 1158 624 (rid.
1182 549 1572 626 nemorumnemorum),

292 635 343 695 sed
366 634 414 694 rix
436 637 485 695 sat
506 634 648 711 gravibus
670 637 705 694 nt
725 634 821 710 speeie
844 634 1053 710 distinguatur.

612 829 642 886 2
679 826 1012 896 crundromeolum.
1025 826 1248 886 oomelnnum.

663 931 803 1026 Hypnum
824 949 998 1011 eoneinnum
1021 949 1066 1010 Dr
1089 950 1202 1010 dioran.

378 1078 537 1164 caespites
558 1079 624 1147 late
646 1079 772 1158 extensi,
794 1079 976 1147 lutesoenti-
998 1080 1048 1146 rel
1071 1079 1308 1159 sures-virides,
1331 1079 1449 1147 inleroe
1463 1079 1569 1148 osbra-

292 1183 348 1251 oei.
393 1183 497 1253 daulis
520 1186 648 1265 orestus,
671 1183 888 1264 eradieulosus‚
912 1183 1099 1270 regulariter
1120 1183 1449 1268 pinnato-ramulosne.
1486 1185 1570 1252 Folia

290 1287 422 1373 nudique
443 1287 592 1375 patentis,
625 1287 765 1354 siooitnts
799 1287 915 1354 erebus
947 1287 1088 1354 laxinsve
1119 1287 1301 1368 imbuente,
1333 1287 1399 1354 late
1427 1290 1570 1356 orabant

289 1392 542 1478 orato-oblonga,
564 1392 693 1473 mutina,
715 1410 864 1472 oenones,
887 1391 976 1460 bssin
997 1409 1105 1460 sersus
1127 1391 1269 1478 margine
1291 1391 1422 1474 mum,
1444 1410 1569 1476 snpcns

289 1496 425 1564 meum.
470 1496 696 1564 Perieboetium
727 1495 889 1583 raginans.
933 1494 1083 1582 Oolyptra
1114 1495 1196 1564 inira
1226 1495 1388 1582 capsulam
1415 1496 1569 1581 predum

289 1601 360 1670 tota
378 1600 442 1670 lero
463 1601 654 1688 longitudine
676 1601 849 1670 dimidiata
880 1599 1016 1684 (lapsnla
1036 1601 1068 1666 in
1082 1599 1230 1684 pedieello
1245 1600 1441 1688 longitndine
1456 1601 1567 1668 medio-

289 1707 336 1776 eri
357 1709 464 1776 ennete
477 1709 590 1789 ereeta.
613 1707 788 1787 brenieolla
811 1705 1015 1791 cylindrum,
1038 1706 1179 1792 operculo
1194 1705 1304 1774 obtuse
1318 1705 1436 1786 eonieo,
1459 1706 1566 1772 mnnlo

289 1811 520 1897 angustissimo.
564 1811 739 1880 Peristomii
761 1811 867 1880 dentes
889 1810 1029 1889 lineales,
1051 1813 1133 1878 inter
1154 1810 1388 1879 artienlsbiones
1405 1812 1457 1876 sat
1471 1829 1566 1876 remo-

288 1917 338 1984 tas
361 1917 474 1986 rimula
495 1915 623 2000 pertusi,
646 1915 686 1982 ad
707 1914 840 1982 medinm
862 1931 959 1998 nsque
974 1914 1175 1982 transversim
1191 1913 1328 1992 strioluti
1343 1917 1485 1982 satnnte
1499 1913 1565 1990 roi,

287 2020 398 2090 dehine
423 2021 526 2088 laeves
557 2019 681 2104 pellidi3
711 2037 870 2105 proeessus
901 2019 935 2086 in
966 2019 1070 2088 earina
1100 2019 1181 2100 lissi,
1213 2019 1330 2106 pellidi.
1375 2017 1482 2104 Brpol
1505 2037 1564 2084 snr.

288 2124 357 2191 vor.
379 2123 417 2204 n,
439 2124 515 2193 nae.
538 2122 603 2190 ese
626 2123 709 2210 (eye.
734 2123 942 2210 neeges).

289 2245 444 2332 Hypsaeum
473 2247 669 2314 mironem.
714 2245 808 2314 Gaulo
843 2244 996 2329 pinnstim
1025 2263 1166 2325 ramoso,
1204 2245 1299 2312 ramis
1336 2245 1564 2329 approximans,
1666 2275 1667 2342 3

395 2349 686 2430 tereti-attenuatis,
707 2348 792 2418 toliis
813 2349 904 2416 dense
926 2347 1097 2416 imbrieetis
1119 2347 1396 2433 erecto-oppressis
1417 2349 1564 2426 macaris,

395 2452 524 2520 eaulinis
545 2453 786 2539 omli-oblongis
808 2451 945 2534 obtusis,
977 2453 1089 2520 romeis
1117 2451 1457 2536 elliptieo-lnneeolatis
1479 2453 1562 2520 obln·

397 2555 551 2746 ziirsgsgmaeis.
596 2557 645 2624 Dr
666 2555 808 2624 Neriene
829 2557 930 2624 Mant.
953 2576 984 2624 n.
1013 2555 1051 2622 18
1073 2559 1106 2623 et
1121 2555 1236 2640 Syllab.
1258 2556 1359 2623 Mose
1383 2557 1459 2624 Ital.
1481 2555 1561 2642 pti

288 2779 443 2868 Hypsidem
469 2779 680 2866 ostbeeosposs
711 2780 756 2846 Im
778 2779 896 2846 Prnam
927 2779 959 2846 in
991 2779 1080 2848 orm.
1104 2780 1208 2867 Bryol.
1232 2781 1314 2848 univ.
1339 2781 1382 2864 Π,
1406 2783 1471 2850 422
1493 2791 1559 2870 (ωε.
1665 2827 1666 2854 r

394 2885 519 2969 speoim.
542 2883 677 2951 suetonis
686 2887 717 2969 l).

285 3006 442 3092 Hypseos
465 3005 627 3072 Sebreben'
648 3023 713 3072 sar.
735 3031 754 3090 γ
775 3005 985 3094 ortboeorpers
1008 3007 1099 3073 Bnm.
1123 3007 1196 3074 ibid.

286 3109 441 3196 Hypseos
462 3109 652 3175 ἱπεὲάίοεανη
672 3109 779 3176 Mors.
801 3110 884 3177 Anu.
907 3109 937 3178 d.
960 3110 1009 3180 se
1032 3113 1132 3178 natur.
1157 3111 1240 3180 1843
1262 3131 1288 3182 e.
1312 3113 1350 3182 ie

286 3213 433 3281 Entodes
456 3214 641 3301 oimoapees·
662 3213 696 3280 c.
719 3214 855 3281 Monere
876 3215 1013 3284 Linmea
1043 3218 1076 3283 et
1107 3216 1250 3284 Neckere
1272 3217 1466 3307 ortloeorpe
1487 3220 1561 3286 idem

395 3321 523 3406 Synops.

288 3423 571 3511 Oyliudrolbees'em
595 3425 779 3511 Montepnes'
800 3425 857 3492 Bo.
881 3427 914 3492 et
935 3423 1008 3492 Son.
1031 3425 1138 3511 Bryol
1161 3445 1224 3494 eur.

373 3545 481 3612 Helii.
505 3547 536 3614 in
560 3545 659 3631 pratis
682 3546 772 3614 sieeis
794 3546 963 3626 sterilibus,
985 3549 1025 3616 ad
1046 3567 1188 3634 aggeres,
1210 3548 1242 3615 in
1264 3547 1341 3616 loeis
1356 3549 1485 3618 inenltis
1498 3571 1562 3638 gra·

255 3647 430 3730 'minosis‚
460 3651 498 3717 ad
527 3653 677 3717 montium
707 3651 809 3719 letere
837 3651 943 3736 aprina
972 3669 1025 3736 per
1052 3652 1153 3719 totam
1184 3651 1248 3720 lere
1276 3651 1454 3738 Europam,
1476 3655 1562 3722 sotiis

288 3753 426 3820 floridio
447 3755 598 3838 abietinm
624 3754 799 3840 Complotb.
823 3757 1004 3838 latescente,
1026 3774 1043 3823 e
1065 3755 1296 3841 eopiosissimis‚
1318 3758 1371 3825 ssd
1394 3760 1559 3840 Masius,

283 3859 315 3924 et
336 3856 370 3924 in
392 3857 467 3924 solis
487 3857 564 3924 loeis
589 3859 742 3926 umbrosis
764 3859 816 3926 nbi
838 3861 968 3944 uterque
990 3877 1080 3927 sexos
1102 3859 1253 3944 provenit,
1274 3861 1482 3930 neodem:
1504 3863 1563 3948 pri-

283 3979 352 4028 mns
374 3959 478 4030 fertile
498 3961 578 4048 legit
599 3962 637 4028 el.
662 3963 710 4028 Dr
732 3980 770 4029 m
794 3964 913 4031 Prnnrn
945 3963 977 4030 in
1000 3965 1088 4050 sylva
1110 3965 1156 4032 St.
1180 3967 1336 4032 &maie
1358 3985 1456 4052 prope
1478 3969 1563 4036 Pari·

283 4063 362 4147 sios,
392 4065 461 4133 dein
492 4065 559 4152 ipse
587 4085 657 4134 enm
689 4065 839 4134 buetibna
863 4068 943 4136 raris
966 4067 1070 4134 inveni
1090 4067 1124 4134 in
1145 4087 1235 4136 muro
1256 4069 1381 4156 delapso
1402 4071 1443 4139 ad
1466 4073 1562 4140 tontes

282 4167 375 4235 rlvul.
399 4169 522 4236 Areese
543 4169 638 4238 Jnrne
661 4171 903 4252 neoeomisnsis‚
925 4173 957 4239 et
979 4171 1012 4238 in
1033 4191 1123 4239 muro
1146 4191 1233 4241 sesne
1255 4173 1421 4242 eustellnm
1444 4175 1561 4242 was

282 4269 321 4338 ed
332 4269 445 4340 'lseum
467 4269 644 4355 Lemonum,
667 4294 761 4359 prope
778 4275 911 4344 Olorem
932 4275 1068 4362 ep'nsdem
1083 4277 1219 4366 regionis
1233 4279 1447 4364 (Parmam),
1470 4283 1561 4350 nerins

282 4372 321 4440 el.
341 4374 537 4444 nmmum
559 4397 652 4464 prope
676 4379 792 4446 Meroe
815 4379 939 4465 Tyrolis
960 4381 1096 4466 reperit,
1119 4380 1151 4448 in
1173 4381 1373 4468 merim
1396 4387 1451 4452 Au
1474 4403 1561 4470 prope

281 4477 445 4547 Jnreviem
475 4481 546 4568 (Dr.
570 4481 720 4550 Senwsm
752 4483 1021 4572 salisburgensis),
1051 4487 1084 4553 et
1112 4487 1232 4572 eopioee
1259 4487 1292 4556 in
1319 4487 1396 4556 loeis
1419 4489 1560 4576 lepidusis

280 4581 434 4650 umbrosis
456 4583 496 4651 ed
511 4585 617 4669 pedem
632 4606 674 4655 m.
699 4587 886 4676 Uatsreberp
908 4587 1044 4674 ejusdem
1059 4589 1187 4658 ditionis
1202 4591 1278 4660 olor.
1294 4593 1442 4662 nmmos
1457 4593 1559 4662 rindo-

280 4683 433 4768 bonensis,
454 4687 507 4772 qni
528 4689 699 4758 numerosis
719 4691 753 4758 et
774 4691 988 4778 pulcherrimis
1011 4694 1230 4779 speciminibus
1252 4715 1302 4766 ma
1323 4695 1471 4778 donarit;
1499 4701 1558 4766 ats-
