3182 5252
530 385 698 462 aypmcaao.
1182 387 1247 460 803

32 563 104 630 liores
130 564 244 632 masculi
273 563 446 650 aeulogeni,
475 565 661 650 polypbplli,
692 564 776 631 loliis
806 565 1011 635 subsecundis.
1064 567 1250 636 Perichaetii

32 671 87 754 longi
104 669 239 754 squenosi
262 669 335 737 lolia
356 670 467 736 intima
489 670 830 751 subulam-acuminata,
852 671 937 754 apice
959 674 1086 739 serrata.
1118 672 1250 755 (lapsula

32 775 100 841 ubito
120 775 313 854 horizontalis,
336 775 458 860 turgide
480 777 572 840 ovata
594 775 644 843 vel
667 775 860 858 subglobosa,
882 775 1103 844 rulo-brunnea
1117 777 1167 843 vel
1181 795 1251 844 cas·

32 897 103 956 anca,
129 880 199 944 sicca
227 878 441 964 deopercudata
462 877 610 945 inclinata
631 878 778 961 pedicello
800 878 995 946 dextrorsum
1016 881 1108 947 torto.
1154 880 1251 965 Oper-

32 983 96 1047 ulun
116 983 397 1063 eureio-conicum,
421 983 619 1065 apiculatum.
649 983 790 1049 Annuus
812 1002 828 1048 e
850 983 965 1066 duplici
980 985 1058 1050 serio
1072 984 1250 1052 cellularum

32 1088 180 1168 onpositus.
221 1086 400 1153 Peristomii
435 1105 593 1169 processus
630 1086 711 1153 inter
741 1087 973 1154 articulationes
1006 1088 1141 1171 hiantes,
1179 1090 1250 1157 cilia

32 1190 106 1256 odosa
126 1191 170 1258 vel
190 1191 485 1274 subappendiculata.
528 1192 633 1276 Brpol.
657 1209 718 1258 eur.
742 1191 812 1258 Vol.
836 1191 873 1272 V,
896 1192 970 1259 Tab.
993 1191 1067 1262 492.

32 1311 143 1398 bpeum
162 1333 281 1398 repens,
311 1315 551 1399 triangularibus
578 1314 660 1379 foliis
691 1312 827 1394 reflexis,
860 1314 970 1399 majus.
1014 1317 1144 1385 Drnnnn.
1165 1317 1249 1385 Hist.

98 1419 187 1484 Mose.
209 1439 237 1502 p.
263 1417 336 1497 303,
359 1421 384 1485 t.
407 1417 460 1498 39,
483 1419 504 1485 f.
528 1417 580 1484 38.

32 1519 142 1606 lpprnum
157 1543 359 1609 squamosam
381 1523 476 1589 ramis
499 1523 598 1608 vegs,
621 1522 702 1588 foliis
724 1521 824 1589 oratis
846 1523 930 1608 apice
953 1523 1103 1591 subulatis
1119 1525 1250 1609 undiquc

96 1626 217 1694 reflexis.
260 1629 351 1694 Lruu.
375 1628 460 1711 Spec.
484 1627 532 1693 Pl.
555 1647 584 1710 p.
610 1625 703 1693 1693.

39 1729 148 1795 Barnun
168 1734 198 1798 et
218 1750 322 1799 omnes
343 1734 414 1815 post
434 1751 505 1798 eum
526 1733 674 1799 auctores.

32 1831 202 1918 'placentem
236 1857 444 1924 squamosum
479 1836 552 1905 Son.
589 1837 693 1922 Bryol.
724 1855 788 1903 our.
819 1836 840 1902 l.
864 1857 890 1905 c.
943 1837 992 1904 De
1013 1839 1134 1907 Nonas.
1164 1839 1250 1926 epil.

94 1942 214 2007 Hsarn.
236 1941 349 2009 Skand.
371 1942 419 2007 Fl.

32 2061 61 2108 u.
82 2052 104 2123 β
126 2045 364 2130 capannam,
393 2044 478 2112 caula
507 2044 575 2128 plus
606 2043 709 2110 minus
739 2043 923 2128 regulariter
944 2043 1250 2128 pinnato-ramuloso,

91 2148 174 2215 foliis
195 2149 322 2215 caulinis
344 2150 413 2216 basi
434 2149 525 2234 paulo
546 2149 723 2228 latioribus,
746 2148 942 2229 subsulcatis,
965 2149 1053 2234 apice
1074 2151 1250 2219 distinctius

93 2253 227 2320 serratis.

32 2357 203 2432 plocomc'cm
231 2357 456 2443 coepiscorum
481 2357 591 2422 Lruns.
620 2358 652 2422 in
675 2355 777 2430 Notis,
805 2375 841 2422 ur
870 2354 984 2425 Stllsk.
1016 2377 1071 2443 pro
1094 2361 1198 2428 Fauna
1219 2363 1252 2427 et

90 2462 183 2528 Flora
204 2463 323 2529 fennica
344 2461 507 2528 lorbandl.
534 2459 627 2527 1868.

32 2589 137 2652 prium
153 2567 322 2634 calvescere
345 2567 474 2634 Wmson
497 2566 601 2651 Brpol.
617 2565 697 2631 Brit.
713 2565 824 2650 pass,
847 2565 880 2630 in
902 2566 1005 2633 adnot.
1028 2569 1067 2634 ad
1082 2568 1126 2635 H.
1142 2590 1254 2656 squar·

88 2693 207 2738 roacm.

65 2777 178 2842 Hodie.
199 2777 231 2842 in
245 2775 430 2861 graminosis
446 2773 607 2853 umbrosis,
628 2772 666 2838 ad
688 2789 818 2858 aggeres
839 2774 872 2838 et
893 2773 926 2839 in
948 2774 1045 2859 sylvis
1068 2776 1106 2842 ad
1122 2777 1254 2844 radicem

32 2882 131 2947 utinm
154 2901 209 2965 per
230 2882 329 2947 totam
349 2881 503 2962 Europam
526 2877 604 2944 satis
626 2877 764 2961 vulgare,
786 2876 902 2943 arctica
923 2881 1056 2961 excepta,
1080 2880 1132 2946 sed
1153 2882 1253 2950 rarius

32 2989 183 3063 :titicans3
208 3005 272 3052 var.
288 2993 308 3064 β
329 2985 405 3051 loeis
428 2982 579 3050 similibus
602 3001 671 3048 cum
686 2981 784 3047 foruna
799 2981 939 3061 normali,
962 2981 1013 3050 hic
1027 2983 1095 3051 illie
1108 2983 1141 3050 in
1156 2985 1252 3053 Soan-

32 3095 112 3172 rria,
135 3093 168 3157 iu
191 3091 366 3169 Germania,
389 3089 420 3154 in
441 3087 614 3154 Britannia.

59 3199 176 3262 ercet.
200 3204 317 3262 motor.
340 3195 515 3261 auctumno.

57 3309 164 3368 Caelis
188 3307 293 3367 debilis
315 3306 487 3382 elongatus,
517 3303 549 3362 in
576 3301 755 3376 caespitibus
778 3300 964 3360 condensatis
986 3300 1251 3378 flexuoso-erectus,

33 3413 120 3454 orum
145 3397 341 3470 procumbens
363 3394 393 3452 ot
415 3391 492 3451 baud
516 3407 581 3449 raro
604 3407 639 3449 eu
661 3388 743 3463 apice
767 3389 796 3447 et
818 3405 833 3446 e
856 3387 975 3446 ramulis
1005 3389 1152 3462 radicans;
1181 3410 1250 3467 gra·

32 3485 94 3554 ete,
118 3483 202 3544 loliis
225 3481 444 3558 angustioribus
466 3478 606 3548 laevibus,
628 3475 748 3551 capsula
762 3475 871 3536 minore
883 3475 1062 3550 subglobosa
1077 3477 1169 3552 primo
1185 3479 1250 3538 risu

32 3574 156 3644 opoente
181 3569 431 3644 distinguendum.

50 3673 93 3733 ΙΙ.
118 3675 336 3752 ercbpr'nnotcm
357 3673 459 3732 bruna.
484 3666 701 3729 characteribus
722 3665 808 3725 nimis
829 3665 962 3728 laevibns
984 3669 1021 3727 ab
1037 3667 1076 3729 H.
1091 3688 1250 3748 squamoso

32 3765 72 3832 rt,
98 3765 134 3822 ut
159 3781 218 3838 pro
241 3762 336 3837 specie
359 3758 477 3835 propria
499 3755 601 3815 haberi
623 3753 724 3829 possit.

343 3954 374 4008 6.
404 3948 647 4019 Hylooomium
669 3944 887 4012 triquetrum.

328 4073 467 4148 llypuum
487 4072 662 4146 triquetrum
684 4068 767 4126 lirun.
790 4067 839 4141 Sp.
860 4065 904 4125 Pl.

41 4219 224 4304 Caespites
240 4219 324 4300 elati,
346 4221 471 4299 extensi,
493 4219 596 4306 rigidi,
611 4237 628 4285 e
643 4215 811 4283 latescente
826 4213 876 4280 vel
888 4212 969 4279 laete
983 4213 1107 4280 virides.
1137 4213 1252 4282 Planta

32 4345 94 4404 rra,
121 4327 272 4404 robusta,
296 4327 397 4392 erecta
418 4325 469 4393 uel
489 4343 665 4410 assurgens,
688 4339 778 4406 parce
799 4317 1100 4404 assigno-ramosa
1114 4319 1163 4385 vol
1177 4321 1251 4386 sub·

32 4431 100 4510 lcx,
126 4430 450 4513 pinnato-ramulosa,
473 4429 601 4495 ramulis
617 4423 837 4508 inaequalibus,
858 4421 1046 4489 brevioribus
1060 4422 1168 4508 rigidis
1183 4424 1252 4490 lon·

32 4535 93 4598 bus
120 4534 400 4621 flagellilormibus
422 4535 505 4601 haud
526 4552 596 4601 raro
619 4551 654 4598 ex
676 4529 761 4613 apice
783 4526 1007 4607 radicantibus,
1039 4529 1127 4595 caule
1148 4528 1251 4614 ligneo

32 4655 56 4700 o
82 4639 173 4705 rufo.
226 4640 312 4706 Folia
335 4639 456 4706 caudina
477 4640 553 4705 satis
576 4636 729 4715 conferta,
753 4649 932 4715 squarrosa,
956 4651 1025 4698 raro
1048 4633 1180 4699 secunda
1201 4634 1252 4700 vol

32 4745 255 4825 2o-secunda,
289 4765 306 4812 e
328 4745 396 4812 basi
417 4741 749 4812 obcordatodeltoidea
774 4736 813 4803 ad
834 4735 963 4822 angulos
986 4737 1161 4894 {eleemonis
1183 4738 1257 4824 lan-⁸
