3128 5254
544 357 712 432 Hypnaaaaa.
1202 356 1265 423 777

9 533 147 618 Europam
169 533 319 615 madiam,
340 554 359 602 a
380 532 532 602 radicibus
555 533 683 619 Alpium
704 532 954 602 meridionalibus
975 550 1070 618 usquo
1091 531 1125 598 in
1147 533 1266 616 lappo-

9 637 77 702 riam
98 639 131 706 et
145 637 292 706 Fonniam
312 639 464 717 aretinam
486 637 585 706 rarius
600 638 633 705 in
650 639 822 720 Britannia,
846 638 925 706 undo
946 637 984 706 ad
1007 637 1097 717 diam,
1119 635 1219 703 solum
1233 635 1266 701 in

9 739 221 808 lambrorallia
236 759 328 826 propo
344 742 439 826 Ahar,
461 743 493 808 in
509 741 801 828 flumina(W1nsou,
816 741 1057 828 woanflmn),
1077 741 1109 807 ot
1124 739 1155 806 in
1171 739 1266 804 tirou

9 845 180 912 lloamoioa
202 845 322 914 Sootiuo
344 846 432 924 (blac
447 846 586 930 Kmnar)
607 847 721 913 lautum
745 846 817 912 ridi.

77 957 216 1018 Facilitar
237 957 429 1034 distinguitur
458 959 497 1020 ab
520 957 559 1018 Η.
581 959 703 1036 olpestri
731 959 812 1019 anulo
841 957 953 1019 inlorno
985 974 1097 1032 sempor
1119 956 1266 1017 denudato

9 1043 124 1105 iau'tata
147 1044 258 1121 rigido,
280 1045 359 1107 foliis
380 1045 561 1106 homomallis
582 1045 736 1107 latioribus
759 1047 837 1106 haud
859 1044 994 1106 concavis
1016 1043 1143 1105 brovilsr
1166 1043 1266 1118 apicu-

9 1131 70 1203 atis,
93 1131 132 1192 ad
156 1131 281 1210 angulos
303 1133 351 1192 rix
374 1133 534 1206 oroaralis,
556 1133 690 1194 siooitato
713 1131 966 1204 cumauro-solidis,
988 1132 1026 1191 ad
1048 1130 1173 1208 angulos
1188 1129 1266 1189 baud

9 1218 38 1278 11
58 1218 106 1278 rix
129 1219 299 1292 excavatis,
329 1221 448 1280 brorius
470 1220 611 1293 rostatis,
642 1221 747 1281 maolis
779 1221 867 1296 paulo
897 1219 1080 1280 brevioribus
1110 1219 1147 1278 ad
1179 1216 1267 1276 basin

9 1305 155 1378 olioribus,
178 1305 286 1367 annulo
309 1308 488 1384 angustiore,
510 1307 677 1383 pariatomio
701 1309 819 1384 majora,
842 1306 936 1382 spuria
958 1306 1048 1381 duplo
1071 1304 1238 1382 majoribus.

76 1409 200 1470 llaoudil
219 1411 258 1470 ab
274 1409 533 1483 Emolumenta,
555 1427 619 1471 oum
642 1429 699 1486 quo
722 1412 852 1487 usquead
868 1413 1074 1471 commutatum
1091 1410 1163 1480 orat,
1185 1407 1267 1467 oauls

9 1495 131 1568 orarium,
154 1497 250 1574 mugis
272 1514 395 1568 ramoso,
417 1497 562 1570 solidiore,
584 1498 662 1558 loliis
685 1499 875 1570 homomallis‚
897 1497 1091 1568 solidioribus,
1112 1495 1267 1556 latioribus

9 1583 85 1643 abito
108 1584 281 1660 autumatis,
313 1585 370 1645 rati
392 1585 510 1662 longius
532 1586 562 1645 11
584 1586 742 1661 angustius
764 1585 914 1657 uruolato,
945 1584 1063 1660 angulis
1084 1583 1195 1644 minuta
1218 1600 1267 1641 ax·

9 1670 101 1730 aratis
125 1670 285 1748 angustius
308 1676 338 1732 11
360 1671 675 1747 quadrato-aromatis,
709 1671 803 1733 colora
826 1671 903 1733 laeta
926 1671 1030 1743 uiridi,
1059 1669 1215 1731 1111111111
1238 1669 1267 1729 11

9 1756 62 1830 aio,
84 1775 140 1818 nau
162 1758 256 1820 lurida
279 1758 365 1819 uiridi
387 1762 421 1819 ut
442 1759 473 1819 in
496 1759 569 1831 boo;
590 1761 657 1820 tota
679 1759 784 1835 planta
805 1759 883 1820 sicca
905 1758 1024 1820 solidior
1047 1759 1102 1818 ast.

73 1861 147 1921 dnm
171 1863 306 1924 uuoloros
328 1879 427 1924 omnes
448 1863 510 1922 tam
532 1880 596 1922 oum
612 1862 651 1922 H.
666 1864 747 1924 nwlli
768 1863 878 1935 Dicas,
901 1881 988 1938 quam
1011 1879 1076 1922 oum
1092 1861 1131 1920 Η.
1147 1861 1269 1937 alpostri

9 1947 43 2006 lo.
65 1950 95 2008 ot
118 1965 186 2009 anm
208 1948 248 2009 H.
271 1951 371 2028 olpioo
386 1951 453 2010 Son.
476 1951 735 2022 commutaverunt,
756 1951 799 2010 nil
821 1950 893 2012 uerti
909 1951 944 2011 do
959 1948 1132 2027 synonymia
1146 1947 1267 2024 hujusce

9 2033 93 2112 paoiai
118 2035 304 2097 reserandum
327 2039 382 2097 ost.

405 2229 454 2286 ull.
484 2229 652 2299 nonnum
673 2229 844 2299 alpinum.

71 2357 235 2444 crupitur
258 2360 308 2427 sat
329 2359 524 2441 condensati,
547 2361 735 2442 mollissimi,
757 2361 871 2445 pallida
893 2359 1017 2443 uirides,
1039 2360 1088 2427 val
1110 2357 1268 2442 superlicio

9 2463 84 2532 mido
106 2463 224 2531 virides
244 2465 278 2530 at
298 2463 585 2545 rufo-lutosoantas,
617 2465 698 2534 haud
720 2467 930 2533 cohaerentes.
974 2463 1077 2531 daulis
1100 2462 1265 2546 primarius

9 2567 145 2654 mopsus,
168 2567 384 2648 aradiunlosua,
407 2569 488 2637 baud
510 2570 693 2649 denudatus,
715 2571 794 2636 rami
817 2569 921 2650 erecti,
944 2567 1067 2636 oantim.
1092 2567 1176 2662 'il-Q
1198 2567 1267 2646 alti,

10 2673 143 2758 implicas
167 2673 219 2739 val
239 2690 330 2756 paros
350 2671 452 2740 divisi
488 2673 577 2740 Folia
599 2673 691 2741 doaso
713 2673 860 2754 conforta,
882 2670 1178 2758 squamoso-patula,
1201 2671 1268 2737 sola

10 2795 142 2844 amorum
159 2775 292 2860 apioalia
305 2775 417 2843 leniter
431 2775 571 2854 soounda,
593 2776 840 2856 tonui-sooriosa,
862 2775 1141 2852 ovato-oiroularia,
1163 2771 1267 2839 subito

11 2881 121 2949 rariter
143 2881 179 2948 at
199 2879 313 2946 mutioe
333 2877 488 2963 apiculam
510 2882 543 2947 ot
564 2880 633 2964 plus
655 2882 757 2946 minua
779 2881 924 2948 distincta
946 2880 1115 2959 sorrulata,
1150 2877 1268 2944 tonuis-

10 2985 87 3066 lma,
115 2985 207 3052 ousta
228 2984 366 3052 obsoleta
396 2985 480 3053 brari
502 2985 637 3063 biturca3
667 2987 743 3053 rotis
774 2985 951 3054 tenuissimi
984 2985 1104 3052 areolas
1134 2984 1267 3070 augusta

11 3089 336 3176 exagono-rbombaao,
358 3089 427 3156 basi
447 3089 590 3169 laxioros,
612 3090 652 3158 ad
673 3090 803 3176 angulos
826 3093 877 3158 vix
899 3092 1063 3157 oxoaratos
1084 3088 1180 3155 allius
1203 3106 1267 3154 roo-

10 3194 146 3279 angulaa,
169 3191 339 3278 parietibus
361 3193 551 3261 tenuissimis
574 3194 656 3261 baud
682 3195 838 3262 eoloratis.
869 3193 1094 3262 Psriobuotium
1109 3210 1267 3277 magnum,

10 3297 135 3378 ibidum,
151 3295 376 3382 polypbyllum,
393 3297 462 3364 laxe
474 3297 680 3379 imbrloatum,
696 3298 779 3365 loliis
792 3298 931 3365 omnibm
946 3299 1049 3377 raotis,
1065 3294 1267 3372 tenuissimis,

10 3401 130 3482 montis,
151 3399 283 3468 intumis
304 3399 479 3468 latioribus.
523 3401 656 3468 Fructus
686 3421 741 3486 pro
763 3420 847 3469 more
869 3401 972 3487 pluras
995 3420 1032 3466 ex
1054 3399 1158 3466 audam
1181 3398 1268 3465 ouulo

10 3503 178 3573 mandaria.
223 3503 359 3588 Gapsnla
380 3505 412 3571 in
434 3505 582 3588 padioallo
605 3507 807 3573 massiusoulo
830 3507 966 3573 breuiora
989 3503 1146 3571 suberooto
1168 3501 1267 3567 uvalis

11 3609 39 3675 11
60 3608 187 3702 turgida
209 3611 242 3676 11
263 3607 395 3677 brevitor
410 3611 512 3690 oratu,
534 3611 747 3679 crassiusoula.
777 3611 961 3696 Operoulum
976 3628 1134 3696 magnum,
1156 3624 1267 3673 auran·

11 3713 77 3794 ium,
100 3715 166 3782 alta
187 3731 353 3781 oonrexum
373 3711 490 3798 papilla
511 3713 703 3783 breuissima
735 3715 837 3801 Bryol.
861 3732 924 3781 sur.
949 3713 1089 3790 1111111,
1111 3707 1267 3778 ’1111116

11 3817 208 3884 'mamutium
230 3817 344 3902 oaolla).

11 3939 145 4028 lapsuram
169 3939 306 4027 alperlro
326 3938 456 4006 Swaana
478 3936 566 4022 Disp.
590 3937 688 4006 bioth.
712 3937 809 4006 blusu.
833 3939 931 4006 bond.
976 3937 1109 4016 Suaeias,
1132 3935 1195 4003 lab.
1212 3935 1266 4017 VI,

98 4044 120 4111 l.
145 4043 205 4123 153
228 4061 283 4110 noo
304 4039 478 4126 dosoriptio.

79 4165 186 4232 flatu.
211 4163 250 4232 ad
272 4163 389 4231 rivulos
411 4163 444 4230 in
466 4183 508 4231 m.
533 4163 721 4250 Doorasjald
742 4167 775 4231 11
796 4163 1050 4231 inTsllamorlria
1072 4162 1213 4246 (Burin),
1235 4163 1267 4228 in

11 4267 183 4353 lorjedaliaa
199 4269 344 4336 Nadoleo
358 4269 577 4356 (innuamus),
601 4267 631 4333 in
648 4268 728 4335 vallo
745 4269 952 4350 tbomouoix,
971 4273 1091 4332 corruo
1109 4267 1163 4332 dea
1179 4265 1268 4330 Pruz

11 4371 116 4438 l'Avoa
142 4374 291 4460 (Paron),
313 4372 379 4456 ipse
399 4371 462 4459 lagi
484 4372 516 4438 iu
538 4371 638 4438 rivulo
659 4371 741 4438 intsr
763 4374 891 4458 Aomloo
917 4381 949 4438 et
971 4369 1084 4436 Furto
1103 4368 1268 4435 Heluetiae

11 4473 74 4560 lug.
100 4475 190 4558 1839,
212 4497 283 4546 oum
305 4475 439 4560 capsulis
462 4475 603 4543 maturis.

83 4579 186 4650 711111.
209 4587 327 4648 motor.
350 4581 481 4648 1111111.

81 4693 194 4770 Spurius
214 4692 453 4766 distinotissimu,
475 4693 514 4754 ab
536 4691 576 4753 Η.
598 4693 740 4770 diniaco,
763 4709 827 4752 oum
851 4709 907 4768 qno
930 4691 998 4752 olim
1020 4689 1268 4761 commutavimus,
