3402 5234
724 305 885 362 Pottiaceae.

579 524 629 581 39.
661 524 814 582 Barbula
835 537 1029 594 squarrosos.

651 645 737 704 Baro.
760 645 858 722 Bryol.
880 646 958 705 univ.

251 774 333 839 Lare
355 775 387 839 11
410 774 622 859 irregulariter
643 776 831 858 caespitosa3
861 777 1013 860 caespites
1045 777 1127 842 laete
1160 777 1192 842 et
1223 777 1445 858 luteo-virides,

158 879 302 963 fragiles,
327 881 466 945 tomento
488 880 655 946 radiculari
677 881 761 946 nullo
790 880 925 965 implexi.
970 882 1085 947 Planta
1108 884 1209 948 erecta
1232 883 1281 947 vel
1303 901 1446 965 procum·

157 984 249 1062 bens,
273 984 401 1067 simplex
423 987 454 1049 11
476 985 650 1051 innovando
672 985 846 1052 dichotome
869 1005 1001 1062 ramosa,
1024 987 1094 1068 plus
1114 987 1215 1052 minus
1231 987 1325 1054 elata.
1357 987 1445 1053 Folia

158 1088 194 1154 in
219 1087 315 1154 caulis
338 1093 423 1170 apice
445 1088 541 1154 fertili
569 1107 688 1155 comam
723 1089 848 1155 densam
882 1091 1094 1174 polyphyllam
1125 1090 1309 1169 efficientia,
1339 1091 1446 1157 ctasi

158 1193 332 1277 saginante
354 1211 499 1259 recurro·
515 1195 547 1258 et
562 1195 877 1278 incurvo-squamosa,
901 1193 1043 1262 siccitate
1058 1195 1337 1278 curato-crispata,
1360 1195 1446 1262 elon-

158 1297 437 1382 gato-lanceolata,
453 1297 595 1381 margine
610 1298 827 1376 subumlulata,
851 1317 969 1364 summo
986 1299 1072 1380 apice
1088 1299 1217 1378 serrata,
1240 1301 1327 1366 costa
1342 1317 1445 1366 crassa

159 1419 234 1466 cunr
255 1401 339 1482 apice
362 1400 491 1466 evanida
513 1400 563 1465 rel
586 1402 757 1480 excedente,
780 1401 840 1467 reti
862 1403 982 1468 minuto
1004 1402 1263 1485 chlorophylloso,
1287 1404 1356 1470 laxo
1375 1423 1446 1486 per-

159 1506 247 1571 tenui
281 1505 511 1572 membranaceo
542 1506 581 1572 ad
615 1505 698 1571 basis
728 1505 920 1590 marginem
951 1507 1170 1590 perichactiurn
1203 1507 1333 1574 laterale
1355 1509 1445 1593 poly-

158 1610 325 1695 phyllum,
364 1610 602 1696 semivaginans.
646 1611 777 1676 Fructus
808 1611 930 1694 saepius
958 1611 1129 1694 complures
1161 1611 1194 1676 in
1226 1611 1330 1678 eadem
1358 1612 1446 1679 inno-

158 1716 310 1794 vatione,
342 1714 481 1800 singulus
514 1735 549 1781 ex
581 1715 684 1780 eodem
716 1714 912 1799 perichaetio.
959 1714 1108 1799 Calyptra
1129 1716 1316 1800 perangusta
1342 1715 1445 1799 fugax.

159 1817 298 1902 Capsula
313 1818 346 1884 in
368 1818 515 1900 pediccllo
538 1818 654 1884 inferna
677 1818 795 1884 nrbello
818 1837 946 1901 superne
968 1819 1131 1886 flavicante
1146 1821 1258 1899 crecta,
1281 1839 1387 1902 parva,
1410 1839 1446 1886 ex

160 1923 406 2006 ovato-oblongo
428 1922 628 2004 cylindracea,
652 1923 786 2001 curante,
810 1925 948 1988 saterrate
964 1923 1047 2000 rufa;
1070 1922 1241 2005 peristomii
1255 1924 1363 1988 dentes
1378 1923 1446 1989 lon-

160 2027 296 2113 gissimi,
319 2024 513 2104 tenuissimi,
537 2024 584 2091 bis
607 2026 779 2105 convoluti,
803 2026 936 2092 breviter
959 2027 1127 2107 articulati,
1150 2027 1189 2092 ad
1211 2026 1444 2094 articulationes

160 2129 336 2208 constricti,
358 2127 473 2211 pallide
494 2129 656 2212 purpurei,
680 2129 769 2196 valde
791 2129 944 2213 papillosi,
966 2130 1107 2215 fugacem
1131 2131 1260 2198 annulus
1282 2132 1445 2216 angustus,

159 2255 178 2304 e
202 2234 339 2317 simplici
362 2233 442 2300 serie
464 2233 644 2299 cellularum
667 2235 847 2300 exstructus.
878 2233 994 2317 Sperne
1016 2234 1205 2320 ferrugineas
1227 2235 1292 2302 illis
1316 2237 1354 2302 B.
1378 2245 1445 2301 tor-

163 2349 275 2406 tuosae
296 2340 402 2404 exacte
425 2336 576 2421 aequales.
623 2337 728 2420 Bryol.
753 2356 815 2403 eur.
839 2337 908 2404 Vol.
932 2338 973 2416 II,
996 2338 1072 2403 Tab.
1100 2339 1171 2406 152.

160 2463 337 2530 cicercula
360 2481 536 2547 squarrosc
558 2460 646 2525 caule
668 2461 768 2526 erecto
791 2479 923 2539 ramoso,
946 2460 1028 2525 foliis
1051 2461 1223 2529 imbricatis
1246 2463 1444 2529 subscnfariis

273 2565 578 2634 lineari-lanceoletis
609 2565 756 2630 carinatis
788 2565 889 2630 acutis
920 2564 1130 2648 integerrimis
1161 2565 1364 2633 solidinerviis
1395 2587 1444 2634 re-

273 2669 558 2753 curvo-squamosis
580 2669 721 2735 siccitate
744 2669 986 2752 crispatissimis,
1009 2669 1161 2752 supremis
1176 2670 1321 2736 stellatis.
1352 2671 1443 2737 Bam.

272 2775 376 2859 Bryol.
399 2773 481 2839 11111.
504 2773 546 2852 ll,
570 2792 599 2856 p.
623 2771 698 2837 833.

164 2897 300 2964 Tertulo
322 2916 498 2982 squarrosa
520 2895 569 2960 Dn
591 2894 711 2959 Norae.
734 2893 810 2977 Syll.
834 2893 866 2958 et
888 2893 969 2976 llpil.
1014 2893 1072 2958 Be.
1097 2893 1129 2960 et
1151 2891 1223 2960 Sca.
1246 2894 1353 2977 Bryol.
1377 2913 1438 2962 eur.

275 3000 309 3067 (l.
332 3001 467 3066 Monens
488 2999 616 3084 Synops.
662 2999 761 3064 Wus
778 2998 882 3082 Brpol.
899 2998 978 3064 Brit.

164 3105 388 3173 Pleuroelraere
411 3125 586 3190 squarrosos
609 3104 719 3168 Linon.
743 3104 790 3168 Do
812 3122 915 3187 enrop.
937 3103 1091 3168 Trichost.
1116 3100 1241 3169 Stoeni.
1269 3101 1361 3196 1864.

252 3228 361 3292 111111.
391 3227 421 3291 111
451 3226 578 3292 collibus
608 3224 702 3291 aridis
740 3225 895 3309 sylvisque
932 3223 1086 3292 arenaceis
1125 3223 1213 3289 siccis
1251 3243 1305 3307 per
1334 3243 1443 3291 zonam

160 3331 410 3410 meridionalem,
442 3349 514 3396 rara
545 3331 578 3396 11
612 3328 728 3396 sterilis
751 3329 784 3393 in
806 3348 883 3397 zona
906 3327 1106 3394 intermedia:
1139 3327 1170 3392 in
1193 3327 1313 3410 pascuis
1337 3329 1444 3396 Sardi-

160 3439 232 3504 niae
264 3435 555 3503 opinationem
581 3433 699 3516 primus
726 3432 915 3498 fructiferam
945 3432 1042 3516 legit,
1073 3432 1104 3496 in
1129 3431 1235 3500 Sicilia
1258 3432 1443 3518 (Bansnno),

160 3543 194 3608 in
218 3541 346 3608 collibus
369 3539 463 3606 aridis
488 3557 591 3604 versus
615 3537 666 3602 Lo
693 3537 807 3602 Valere
828 3555 921 3620 prope
937 3535 1143 3618 Monspelium
1165 3534 1230 3618 ipse
1252 3535 1442 3603 fructiferam

158 3645 270 3730 reperi,
292 3643 428 3710 sterilem
451 3663 505 3726 per
526 3641 723 3724 Hispaniam,
747 3643 778 3706 in
802 3640 890 3725 sylva
912 3659 1005 3724 prope
1028 3639 1272 3705 Foatcinetleaa
1294 3642 1326 3706 et
1349 3659 1441 3723 supra

158 3749 282 3817 moenia
304 3747 482 3833 graminoso
496 3744 714 3829 Argentorate
736 3745 775 3810 ad
791 3744 995 3809 Koiscrstulcl
1014 3745 1046 3811 et
1062 3745 1159 3808 Ieteirr
1175 3745 1286 3817 Ducat.
1303 3744 1439 3826 badens,

158 3852 360 3920 Rolorcdscclc
382 3851 419 3917 ad
435 3851 591 3928 Rhenum,
615 3849 771 3915 Ho'clcslcr
793 3848 825 3913 111
849 3847 1056 3931 Westphalia.
1102 3848 1310 3915 Pulcherrima
1332 3849 1438 3915 fructi-

160 3958 308 4024 ficantem
339 3955 482 4041 legerunt
512 3954 550 4020 cl.
583 3954 675 4020 Roux
701 3955 734 4020 et
770 3954 809 4018 cl.
839 3951 1117 4020 sicam-omrem
1151 3953 1181 4018 in
1212 3951 1325 4035 pinetis
1349 3971 1441 4036 prope

158 4062 351 4139 Massiliam
383 4057 596 4144 vulgatissimo
626 4060 781 4124 caeterum
812 4075 866 4140 per
898 4054 1196 4140 Gallo-provinciam
1225 4055 1358 4122 occurrit
1388 4055 1441 4122 sed

103 4240 109 4252 ,
159 4185 282 4250 semper
312 4165 376 4231 fere
406 4163 556 4229 fmctibus
587 4163 732 4228 destituar.
777 4161 989 4227 EBritannia
1019 4161 1108 4227 amic.
1132 4159 1263 4226 Wmson
1286 4161 1319 4225 et
1340 4160 1440 4226 Woon

157 4273 299 4340 sterilem
322 4269 481 4335 miserunt.

251 4375 361 4441 Fract.
385 4381 502 4438 matur.
539 4370 635 4456 Majo,
658 4370 761 4438 lunio.

249 4504 455 4580 Magnitudins
478 4505 508 4562 et
529 4502 634 4562 habitu
649 4499 837 4576 praecedenti
852 4499 963 4570 similis,
985 4497 1123 4575 gracilior
1139 4500 1246 4569 tamen,
1262 4513 1343 4557 coma
1359 4496 1441 4574 poly-

159 4593 265 4674 plrylla
287 4593 422 4666 excepta,
450 4589 545 4648 minus
567 4589 654 4649 dense
682 4587 799 4659 foliosa,
831 4589 977 4646 caeterum
1005 4586 1088 4645 valde
1116 4585 1257 4644 distincta
1282 4584 1441 4660 vegetandi

160 4683 256 4756 mono,
279 4679 357 4740 foliis
379 4677 444 4738 basi
465 4675 703 4749 membranaceis,
725 4675 807 4751 apice
829 4674 959 4746 serratis,
981 4673 1127 4733 fructibus
1148 4671 1327 4744 axillaribus,
1349 4671 1441 4732 rolin
