3374 5250
289 339 354 408 596
842 333 1012 396 Mem

289 517 445 602 Hypatam
466 535 632 581 ueroeam
654 514 688 580 O.
711 513 847 580 Munera
868 511 998 597 Synaps.

289 621 409 688 Laeuo
430 622 596 706 norvegico
618 619 778 688 Sannaus.
801 617 906 701 Sappl.
929 617 970 684 ad
992 619 1075 685 Flor.
1098 620 1180 703 lapp.
1203 623 1233 705 (a
1250 620 1376 703 specim
1391 619 1564 705 auctoffil).

376 759 485 825 Hodie.
509 757 549 825 ad
567 757 691 824 truncas
707 759 785 824 imas
800 756 954 835 arborum,
976 757 1138 841 praecipua
1150 757 1239 842 Pagi,
1262 757 1382 824 nbietis
1398 761 1432 824 et
1448 759 1565 836 aceris,

287 862 387 930 rarius
410 861 450 929 ad
471 862 599 944 lapides,
622 879 657 926 ex
672 860 800 943 Alpium
819 859 943 944 regione
965 859 1118 939 inferiore,
1141 860 1194 926 ubi
1209 860 1297 928 valde
1312 861 1494 943 communis,
1516 881 1564 928 us-

287 984 344 1050 que
366 965 405 1032 ed
427 966 569 1032 arbonam
590 964 725 1030 limites:
758 963 790 1028 in
812 983 853 1029 m.
877 963 972 1030 Jurae
1004 965 1129 1050 regione
1153 965 1254 1031 madia
1276 965 1357 1032 haud
1379 985 1449 1032 rara
1473 985 1564 1050 supra

286 1088 391 1137 muros
414 1069 510 1134 siccos
533 1068 707 1146 umbrosos,
730 1066 762 1132 in
784 1085 862 1134 zona
883 1069 1116 1152 septentrionali
1139 1089 1156 1135 e
1177 1069 1302 1154 regione
1323 1071 1492 1154 campestri
1514 1091 1564 1137 ns-

286 1192 343 1258 que
365 1172 398 1239 in
420 1171 630 1254 subalpinam3
653 1169 764 1253 ubique
786 1189 857 1237 rara
878 1169 1076 1240 fructificans.

375 1275 484 1342 meae.
508 1281 624 1340 matur.
649 1274 777 1342 aestate.

372 1403 396 1462 Ε
421 1403 555 1464 foliorum
578 1401 674 1462 axillis
696 1401 865 1476 plantarum
887 1401 1032 1462 sterilium
1047 1401 1179 1464 fasciculi
1195 1406 1371 1466 ramularum
1387 1407 1562 1467 liliformium
1674 1417 1675 1458 l

286 1507 374 1565 saepe
397 1490 596 1567 egrediuntur,
619 1488 678 1548 illis
700 1489 898 1549 Ireucadontis
920 1492 1022 1549 erecte
1044 1491 1161 1551 similes.

374 1577 484 1638 Lutea
506 1578 590 1636 mla
612 1576 783 1636 sesemen.
807 1576 856 1636 vir
879 1577 917 1636 ad
940 1577 1015 1637 hanc
1039 1579 1163 1653 speciem
1188 1579 1341 1640 referende
1364 1583 1419 1639 est

753 1767 785 1824 8.
821 1765 954 1825 Leakea
978 1719 1097 1826 tristis.

697 1871 801 1930 casnm
822 1871 853 1930 in
875 1872 920 1930 De
943 1871 1053 1931 Narra
1077 1871 1147 1947 Syll.

375 2005 479 2090 Lange
500 2002 623 2086 hteqoe
644 2001 838 2085 caespitans,
861 2001 1010 2086 caespites
1032 2001 1178 2082 demum,
1201 2002 1271 2069 lare
1291 2000 1443 2082 intricati,
1465 2003 1563 2068 lasea

287 2111 410 2178 virides.
455 2107 559 2176 Caulie
582 2105 758 2190 pertenuis,
790 2107 913 2173 omuino
939 2108 1132 2190 prostratus,
1164 2105 1343 2191 parcissime
1365 2107 1563 2184 rudiculosas,

287 2233 426 2283 ramosae
449 2216 481 2280 et
503 2209 715 2296 irregulariter
736 2209 889 2292 pinnatim
910 2211 1103 2289 ramulanae,
1134 2211 1262 2276 ramulis
1285 2209 1397 2276 erectis
1420 2211 1470 2276 vel
1493 2211 1564 2277 ιιι)-

288 2317 434 2396 manetis,
457 2315 559 2382 aetate
580 2311 759 2380 denudatus.
790 2313 880 2378 Folia
895 2313 1033 2394 parvula,
1056 2312 1275 2381 remotiuscula
1297 2315 1345 2379 vel
1368 2315 1562 2390 condensata

286 2419 472 2487 humiditate
489 2415 838 2500 subrecmvapatentia,
854 2417 994 2482 siccitate
1008 2417 1225 2492 incumbentia,
1240 2417 1352 2484 leniter
1367 2418 1563 2494 hamamalla,

285 2525 417 2592 manime
448 2521 581 2607 fragilia,
604 2520 650 2585 ita
671 2522 707 2585 nt
728 2519 906 2602 plerumque
926 2519 1067 2586 diffracta
1090 2521 1299 2603 reperiantur,
1332 2539 1349 2586 a
1381 2521 1450 2588 basi
1473 2513 1562 2587 or’ata

285 2647 418 2697 concaua
438 2625 569 2710 anguste
590 2622 744 2708 lingulata
772 2623 889 2690 mutioa
918 2624 967 2690 val
996 2625 1132 2690 breviter
1163 2625 1335 2708 spiculata,
1362 2627 1451 2692 casta
1479 2625 1563 2692 tenni

285 2733 377 2800 viridi
398 2731 438 2799 ad
460 2728 594 2797 medium
615 2728 764 2806 evanida,
796 2727 935 2813 margine
965 2731 1050 2794 recta
1081 2728 1201 2796 cellulis
1224 2731 1407 2814 preminulie
1430 2732 1562 2798 breviter

285 2834 489 2904 verrucnloeis
512 2832 628 2900 minute
646 2831 813 2910 creuulata,
840 2833 908 2897 tata
931 2831 1090 2916 superficie
1106 2833 1195 2900 valde
1209 2833 1405 2900 verruculasa
1427 2833 1560 2918 (canalis

285 2939 373 3016 raldo
395 2936 576 3022 preminulie
599 2935 730 3019 pupillae
752 2937 856 3018 plures
878 2938 1083 3022 gerentibusl3
1116 2941 1183 3004 rete
1214 2939 1352 3021 superins
1383 2939 1560 3024 irregulari·

285 3049 332 3114 ter
354 3038 746 3128 hexagono-rotundatum,
776 3041 904 3107 inferius
926 3041 957 3106 in
980 3041 1081 3109 media
1102 3043 1168 3109 basi
1191 3042 1561 3130 oblonga-rectangulum,

284 3149 438 3216 emtarum
454 3146 505 3212 sat
518 3143 704 3228 regulariter
720 3145 895 3211 transverse
911 3145 1111 3230 hexagonum,
1134 3146 1304 3230 hyalinum,
1326 3147 1438 3214 arealis
1454 3147 1561 3212 viridi·

284 3256 352 3322 bns.
397 3251 504 3317 eleros
526 3247 667 3340 masculi,
690 3247 748 3314 soli
770 3248 848 3325 nati,
871 3249 905 3314 ut
926 3248 958 3314 in
980 3267 1101 3334 genera.

285 3373 405 3440 helec
426 3372 528 3436 tristia
552 3368 662 3435 Cesar.
684 3368 717 3434 in
740 3369 788 3434 Dr
811 3369 930 3438 Narra.
953 3369 1031 3454 Syll.
1054 3389 1084 3452 p.
1108 3369 1160 3436 67.
1671 3417 1672 3451 ,

285 3476 406 3544 Lectae
419 3475 552 3559 fragilis
566 3472 667 3538 Haan.
683 3473 716 3538 et
731 3472 830 3538 Wne.
847 3473 879 3538 in
894 3473 1025 3538 Ι)ιιιιιιιι.
1039 3473 1137 3540 llaec
1153 3491 1246 3540 amor.
1262 3474 1333 3540 call.
1349 3475 1392 3552 Π,
1408 3473 1468 3540 Na.
1489 3475 1561 3540 101.

394 3577 518 3644 samu.
541 3576 640 3642 llaec.
664 3574 859 3660 allegatio.
883 3578 935 3642 al.

284 3699 493 3768 mmmdcc?
528 3699 630 3762 tristia
662 3697 786 3764 Sanum.
810 3697 907 3764 llaec
939 3697 999 3763 and
1020 3697 1132 3780 Hepat.
1165 3698 1200 3764 af
1226 3697 1280 3764 the
1302 3699 1361 3766 un.
1386 3697 1434 3765 St
1466 3697 1559 3766 ¹856.

390 3805 439 3869 Dr
461 3801 581 3868 Nonne.
604 3801 685 3885 llpil.

282 3909 439 3996 Hypatam
460 3907 549 3972 triete
571 3904 604 3971 G.
628 3905 762 3972 lldnnna
784 3904 913 3991 synape.

369 4045 478 4112 Hadid
507 4043 539 4109 in
566 4043 692 4126 rupibus
724 4045 754 4110 et
782 4044 864 4110 sarie
887 4041 1070 4128 praeprimis
1092 4042 1232 4110 erraticis
1253 4043 1376 4129 apricis,
1399 4045 1501 4114 rarim
1522 4045 1562 4114 ad

281 4149 427 4216 arborum
448 4147 582 4215 radices:
605 4147 638 4212 in
659 4167 702 4214 m.
725 4149 760 4214 aa·
772 4148 805 4214 S.
823 4147 1002 4214 &cometa
1024 4164 1118 4230 prope
1132 4147 1231 4232 Ispra
1245 4147 1283 4214 ad
1297 4146 1487 4228 Verianum,
1510 4149 1562 4216 uti

280 4253 319 4321 cl.
342 4251 455 4319 Orsarr
478 4270 557 4318 anna
583 4250 664 4316 1837
688 4251 805 4333 primus
827 4251 917 4336 legit,
940 4269 1033 4335 supra
1048 4251 1151 4316 Arata
1166 4249 1205 4317 ad
1221 4251 1400 4337 Marpessa,
1423 4253 1455 4318 in
1480 4253 1562 4320 ralla

281 4355 451 4434 beraeae,
481 4353 539 4418 Vol
562 4355 597 4419 di
620 4353 719 4420 Bieeo
741 4355 798 4420 etc.
821 4353 955 4438 ejusdam
977 4353 1110 4438 regionis
1132 4354 1193 4438 (Dr
1215 4354 1386 4442 Narrare),
1409 4356 1449 4423 ad
1472 4375 1562 4440 rupes

280 4459 382 4527 aridas
404 4457 572 4544 gneissicae
595 4459 627 4524 et
647 4457 826 4543 graniticas,
849 4475 905 4525 nec
926 4477 986 4525 nan
1006 4457 1047 4524 ad
1068 4457 1170 4524 caules
1192 4457 1330 4526 Hederee
1351 4459 1392 4525 ad
1408 4459 1562 4546 Alqmd

280 4563 312 4628 et
333 4561 373 4629 ad
397 4560 536 4628 Gratsot
557 4579 649 4644 prope
673 4561 789 4626 Meron
810 4559 943 4646 agroue,
967 4560 1057 4626 sociis
1074 4559 1217 4627 Barbaria
1235 4559 1347 4646 alpina
1363 4579 1431 4628 rar.
1447 4565 1562 4628 ιἰιιιιιι·
1666 4581 1667 4584 ’

279 4666 312 4732 et
335 4665 499 4732 Faecenia
529 4663 739 4750 actadleptcra'
767 4665 886 4749 (Manna
912 4662 1027 4750 1861),
1056 4665 1089 4730 in
1120 4663 1253 4732 litantia
1283 4683 1330 4748 pr.
1355 4665 1558 4756 Galliaque
