3208 5214
660 245 819 304 roiensem.
1329 255 1369 321 21

156 427 288 486 Formis
315 427 479 486 minoribus
502 427 703 502 Anacalpplua
723 429 909 490 Starlcoaaae
938 432 1010 492 adeo
1037 433 1129 494 simile
1158 437 1203 494 est
1224 437 1258 494 ut
1281 436 1373 511 primo

65 513 187 571 iutuitu
214 514 346 572 difficile
372 515 410 572 ab
434 533 469 574 ea
493 515 705 592 distinguatur3
735 518 864 576 Polliam
893 519 1064 579 minutulam
1091 521 1180 581 etiam
1211 523 1315 583 habitu
1343 525 1373 586 et

68 601 166 659 colom
193 602 384 660 aemulatur.

162 689 225 748 Pro
250 706 337 747 more
363 689 503 762 capsulae
528 687 613 748 binae
635 691 680 748 vel
704 692 804 750 ternae
824 691 855 749 in
871 693 969 751 eodem
985 693 1163 766 perichaotio
1180 695 1373 771 reperiuntur,

74 775 163 848 ireque
188 776 375 849 caespitulis
396 777 458 834 tam
483 779 564 834 arcte
587 776 702 836 sibimet
730 777 803 852 ipsis
830 779 1049 852 approximatae
1078 786 1148 840 eurrt
1171 785 1203 841 ut
1232 781 1303 842 lolia
1335 784 1372 844 ob

80 881 179 920 earum
199 881 362 922 numerum
386 863 468 922 haud
491 863 716 937 conspiciantur.

1416 1003 1436 1038 N

599 1133 877 1217 'lrlousllL

534 1303 939 1392 l-eltlaceae.

175 1499 312 1562 Plantae
327 1499 432 1562 elatae
447 1498 540 1564 dense
558 1498 756 1580 caespitosae,
778 1498 818 1563 ad
840 1498 956 1581 apicem
980 1517 1073 1582 usque
1089 1459 1289 1576 rudiculosas,
1317 1502 1373 1566 sub
1410 1509 1413 1516 '

90 1601 173 1684 apice
197 1601 402 1679 innovantes,
433 1619 589 1680 ramosae,
620 1605 650 1668 et
678 1603 866 1681 ramulosae,
898 1621 1053 1686 perennes.
1099 1602 1188 1668 Folia
1210 1604 1318 1669 ovato·
1340 1605 1372 1670 et

91 1705 150 1770 late
172 1705 515 1789 oblongo-lanceolata,
544 1724 684 1784 concava,
714 1706 830 1784 mollia,
862 1709 993 1792 anguste
1015 1707 1148 1786 aestate,
1171 1707 1282 1774 areolis
1304 1709 1373 1774 laxe

93 1807 462 1892 hexagono-reclangulis
483 1809 517 1873 et
532 1808 743 1875 rhomboideis.
790 1809 896 1876 Floras
913 1810 1061 1878 monoici:
1086 1810 1214 1878 masculi
1230 1811 1374 1894 subaspi-

92 1912 284 1990 tulilormes,
314 1911 498 1978 antheridiis
520 1912 685 1996 elongatis,
716 1913 939 1996 peraphysibus
963 1913 1148 1996 numerosis,
1171 1914 1373 1992 subolavatis;

93 2016 216 2082 feminei
239 2015 438 2100 archegoniis
460 2014 565 2098 parvis
589 2015 710 2082 brevius
740 2015 966 2101 panephysatis.
1012 2017 1160 2102 Calyptra
1182 2037 1296 2103 magua
1320 2039 1375 2087 cu·

87 2122 218 2200 cullata,
241 2121 443 2205 longirostra,
466 2138 562 2202 nsque
584 2119 622 2185 ad
638 2121 777 2202 capsulae
800 2121 911 2188 collum
935 2121 1092 2204 producta,
1122 2122 1189 2188 basi
1211 2123 1375 2190 laciniato·

82 2225 317 2299 circumscissa,
332 2225 424 2308 longe
439 2223 616 2308 persistens.
641 2224 795 2308 Vaginula
808 2225 919 2308 braum,
933 2224 966 2291 in
980 2225 1087 2292 tubum
1104 2227 1369 2294 membranaceum

82 2330 218 2416 lengum
234 2329 324 2410 apice
347 2329 455 2392 fissum
470 2327 625 2393 continua.
664 2327 796 2411 Capsula
819 2329 882 2393 alte
896 2331 929 2395 et
945 2329 1040 2394 solide
1055 2328 1248 2412 pedioellata,
1270 2333 1372 2398 erecta

86 2435 132 2498 uel
156 2434 353 2508 subcernue,
384 2433 477 2497 ovata
500 2450 552 2496 seu
575 2430 774 2515 subglobosa,
800 2430 1003 2515 longirostra,
1035 2432 1151 2512 solida,
1183 2434 1263 2500 collo
1286 2435 1372 2501 brevi

89 2536 283 2602 stomatibus
305 2536 431 2618 pertuso
454 2534 622 2612 instructa,
655 2553 784 2600 unacum
814 2535 960 2618 pedicello
989 2536 1126 2603 deciduo.
1172 2537 1374 2622 Sporangium

87 2641 291 2718 distinctum,
324 2639 357 2704 in
384 2639 562 2706 columnula
584 2657 676 2720 supra
708 2640 852 2720 capsulae
880 2639 1006 2704 fundum
1031 2641 1158 2706 elatum.
1204 2640 1374 2710 Columella

90 2746 238 2829 usquein
263 2747 358 2810 rostri
381 2763 512 2811 acumen
534 2741 692 2825 producta.
737 2742 853 2825 Sperne
882 2744 1039 2827 parvulae.
1083 2745 1247 2813 Habitatio
1269 2747 1374 2829 alpina

93 2850 138 2915 uel
161 2849 289 2916 arctico.
328 2883 330 2886 ·

176 2953 232 3018 Vir
257 2952 497 3018 similitudinem
520 2949 672 3033 quendum
695 2969 766 3016 curn
788 2950 1005 3034 Splachnaceis
1029 2953 1157 3020 habent!

646 3185 818 3257 Fam.1.

558 3331 896 3417 ·Voitiue.

594 3559 673 3637 Gen.
686 3564 713 3638 1.
742 3561 867 3639 Voitia.

429 3704 628 3764 Houuscnuon
651 3706 842 3765 Commentat.
866 3707 900 3767 de
930 3707 1033 3768 eoem

169 3837 276 3904 Genus
300 3835 428 3901 unicum
450 3853 520 3899 cum
542 3835 640 3916 speeie
662 3834 786 3919 singula
808 3837 892 3901 note.
938 3837 1012 3902 Tab.
1036 3836 1061 3902 Ι.

597 4033 715 4091 Voltis
736 4033 874 4091 nivalis.

622 4155 771 4214 Honuscu.
787 4156 806 4214 l.
822 4174 846 4214 c.

174 4289 340 4372 caespites
364 4287 573 4352 tumescentes
596 4287 824 4369 subpulvinati‚
855 4287 937 4354 laete
971 4285 1097 4364 virides,
1130 4287 1267 4352 tomento
1289 4286 1372 4354 rullo·

91 4393 261 4478 lemugineo
293 4389 480 4469 intentanti,
518 4390 637 4472 copiose
669 4391 899 4457 fructificantes.
951 4390 1082 4456 Plantae
1114 4389 1309 4472 bipollieares
1340 4393 1372 4456 et

93 4498 228 4564 altiores.
277 4493 387 4560 Caulis
412 4491 526 4571 anuis,
550 4494 722 4560 dichotome
743 4513 892 4561 ramosus.
932 4493 1019 4559 Folia
1042 4493 1233 4571 subremota,
1255 4495 1372 4560 erecto·

94 4601 241 4684 munim,
261 4599 385 4677 mollia,
409 4597 734 4683 acuminato-oblonga
749 4599 781 4665 et
796 4599 949 4684 elongata,
967 4598 1048 4663 sicca
1063 4597 1264 4679 subflexuosa,
1286 4598 1373 4665 costa
