<?xml version="1.0" encoding="UTF-8"?>
<!DOCTYPE html PUBLIC "-//W3C//DTD XHTML 1.0 Transitional//EN"
    "http://www.w3.org/TR/xhtml1/DTD/xhtml1-transitional.dtd">
<html xmlns="http://www.w3.org/1999/xhtml" xml:lang="en" lang="en">
 <head>
  <title>
</title>
<meta http-equiv="Content-Type" content="text/html;charset=utf-8" />
  <meta name='ocr-system' content='tesseract 3.04.00' />
  <meta name='ocr-capabilities' content='ocr_page ocr_carea ocr_par ocr_line ocrx_word'/>
</head>
<body>
  <div class='ocr_page' id='page_1' title='image "./synopsismuscoru00schigoog_0013.png"; bbox 0 0 3290 5214; ppageno 0'>
   <div class='ocr_carea' id='block_1_1' title="bbox 513 1375 947 1498">
    <p class='ocr_par' dir='ltr' id='par_1_1' title="bbox 513 1375 947 1498">
     <span class='ocr_line' id='line_1_1' title="bbox 513 1375 947 1498; baseline 0.005 -2"><span class='ocrx_word' id='word_1_1' title='bbox 513 1375 947 1498; x_wconf 85' lang='lat' dir='ltr'>introductio.</span> 
     </span>
    </p>
   </div>
   <div class='ocr_carea' id='block_1_2' title="bbox 159 1749 1288 2007">
    <p class='ocr_par' dir='ltr' id='par_1_2' title="bbox 159 1749 1288 2007">
     <span class='ocr_line' id='line_1_2' title="bbox 577 1749 880 1852; baseline 0.007 -21"><span class='ocrx_word' id='word_1_2' title='bbox 577 1749 691 1832; x_wconf 87' lang='lat' dir='ltr'>Pars</span> <span class='ocrx_word' id='word_1_3' title='bbox 718 1749 880 1852; x_wconf 84' lang='lat' dir='ltr'>prima.</span> 
     </span>
     <span class='ocr_line' id='line_1_3' title="bbox 159 1901 1288 2007; baseline 0.006 -29"><span class='ocrx_word' id='word_1_4' title='bbox 159 1901 367 2002; x_wconf 78' lang='lat' dir='ltr'>lirpologiao</span> <span class='ocrx_word' id='word_1_5' title='bbox 395 1905 563 1981; x_wconf 88' lang='lat' dir='ltr'>elementa</span> <span class='ocrx_word' id='word_1_6' title='bbox 589 1905 875 2004; x_wconf 84' lang='lat' dir='ltr'>organographioa</span> <span class='ocrx_word' id='word_1_7' title='bbox 901 1916 1004 2007; x_wconf 66' lang='lat' dir='ltr'>amno</span> <span class='ocrx_word' id='word_1_8' title='bbox 1030 1907 1288 2007; x_wconf 81' lang='lat' dir='ltr'>morphologioa.</span> 
     </span>
    </p>
   </div>
   <div class='ocr_carea' id='block_1_3' title="bbox 421 2238 1034 2610">
    <p class='ocr_par' dir='ltr' id='par_1_3' title="bbox 421 2238 1034 2610">
     <span class='ocr_line' id='line_1_4' title="bbox 677 2238 792 2317; baseline 0.078 -18"><span class='ocrx_word' id='word_1_9' title='bbox 677 2238 748 2317; x_wconf 76' lang='lat' dir='ltr'>Gap.</span> <span class='ocrx_word' id='word_1_10' title='bbox 770 2238 792 2307; x_wconf 86' lang='lat'>1.</span> 
     </span>
     <span class='ocr_line' id='line_1_5' title="bbox 421 2379 1034 2468; baseline 0.005 -21"><span class='ocrx_word' id='word_1_11' title='bbox 421 2379 470 2448; x_wconf 89' lang='lat' dir='ltr'>De</span> <span class='ocrx_word' id='word_1_12' title='bbox 494 2385 737 2468; x_wconf 80' lang='lat' dir='ltr'><strong>propagationis</strong></span> <span class='ocrx_word' id='word_1_13' title='bbox 763 2383 867 2452; x_wconf 87' lang='lat' dir='ltr'>modis</span> <span class='ocrx_word' id='word_1_14' title='bbox 892 2383 1034 2453; x_wconf 88' lang='lat' dir='ltr'>diversis.</span> 
     </span>
     <span class='ocr_line' id='line_1_6' title="bbox 531 2533 920 2610; baseline 0.005 -19"><span class='ocrx_word' id='word_1_15' title='bbox 531 2533 557 2604; x_wconf 69' lang='lat'>§-</span> <span class='ocrx_word' id='word_1_16' title='bbox 576 2535 602 2592; x_wconf 92' lang='lat'>1.</span> <span class='ocrx_word' id='word_1_17' title='bbox 633 2534 675 2594; x_wconf 90' lang='lat' dir='ltr'>De</span> <span class='ocrx_word' id='word_1_18' title='bbox 697 2535 920 2610; x_wconf 83' lang='lat' dir='ltr'>germinatione.</span> 
     </span>
    </p>
   </div>
   <div class='ocr_carea' id='block_1_4' title="bbox 89 2675 1445 4626">
    <p class='ocr_par' dir='ltr' id='par_1_4' title="bbox 89 2675 1367 2975">
     <span class='ocr_line' id='line_1_7' title="bbox 170 2675 1367 2769; baseline 0.007 -27"><span class='ocrx_word' id='word_1_19' title='bbox 170 2675 356 2744; x_wconf 83' lang='lat' dir='ltr'>Muscorum</span> <span class='ocrx_word' id='word_1_20' title='bbox 391 2679 575 2764; x_wconf 85' lang='lat' dir='ltr'>germinatio</span> <span class='ocrx_word' id='word_1_21' title='bbox 611 2702 680 2748; x_wconf 90' lang='lat' dir='ltr'>cum</span> <span class='ocrx_word' id='word_1_22' title='bbox 711 2683 768 2748; x_wconf 89' lang='lat' dir='ltr'>illa</span> <span class='ocrx_word' id='word_1_23' title='bbox 789 2683 1002 2769; x_wconf 80' lang='lat' dir='ltr'>Sphagnorum</span> <span class='ocrx_word' id='word_1_24' title='bbox 1033 2683 1125 2767; x_wconf 88' lang='lat' dir='ltr'>atque</span> <span class='ocrx_word' id='word_1_25' title='bbox 1146 2683 1367 2767; x_wconf 87' lang='lat' dir='ltr'>Hepaticarum</span> 
     </span>
     <span class='ocr_line' id='line_1_8' title="bbox 89 2780 1367 2873; baseline 0.006 -29"><span class='ocrx_word' id='word_1_26' title='bbox 89 2780 204 2846; x_wconf 86' lang='lat' dir='ltr'>omnino</span> <span class='ocrx_word' id='word_1_27' title='bbox 227 2784 393 2868; x_wconf 83' lang='lat' dir='ltr'>congruit,</span> <span class='ocrx_word' id='word_1_28' title='bbox 417 2802 523 2850; x_wconf 88' lang='lat' dir='ltr'>eorum</span> <span class='ocrx_word' id='word_1_29' title='bbox 545 2791 653 2852; x_wconf 85' lang='lat' dir='ltr'>contra</span> <span class='ocrx_word' id='word_1_30' title='bbox 676 2787 812 2854; x_wconf 74' lang='lat' dir='ltr'>evolutio</span> <span class='ocrx_word' id='word_1_31' title='bbox 835 2787 1061 2873; x_wconf 87' lang='lat' dir='ltr'>prothalloidca</span> <span class='ocrx_word' id='word_1_32' title='bbox 1083 2787 1166 2854; x_wconf 89' lang='lat' dir='ltr'>notis</span> <span class='ocrx_word' id='word_1_33' title='bbox 1188 2789 1281 2854; x_wconf 86' lang='lat' dir='ltr'>certis</span> <span class='ocrx_word' id='word_1_34' title='bbox 1304 2788 1367 2853; x_wconf 89' lang='lat' dir='ltr'>dis·</span> 
     </span>
     <span class='ocr_line' id='line_1_9' title="bbox 89 2887 1367 2975; baseline 0.009 -31"><span class='ocrx_word' id='word_1_35' title='bbox 89 2887 202 2966; x_wconf 85' lang='lat' dir='ltr'>crepat,</span> <span class='ocrx_word' id='word_1_36' title='bbox 235 2887 427 2970; x_wconf 87' lang='lat' dir='ltr'>Muscosque</span> <span class='ocrx_word' id='word_1_37' title='bbox 459 2889 581 2973; x_wconf 82' lang='lat' dir='ltr'>proprie</span> <span class='ocrx_word' id='word_1_38' title='bbox 614 2888 713 2957; x_wconf 90' lang='lat' dir='ltr'>dictos</span> <span class='ocrx_word' id='word_1_39' title='bbox 746 2891 829 2956; x_wconf 89' lang='lat' dir='ltr'>inter</span> <span class='ocrx_word' id='word_1_40' title='bbox 859 2893 995 2957; x_wconf 84' lang='lat' dir='ltr'>caeteras</span> <span class='ocrx_word' id='word_1_41' title='bbox 1027 2889 1201 2956; x_wconf 83' lang='lat' dir='ltr'>Musciacas</span> <span class='ocrx_word' id='word_1_42' title='bbox 1233 2889 1367 2975; x_wconf 78' lang='lat' dir='ltr'>perbelle</span> 
     </span>
    </p>

    <p class='ocr_par' dir='ltr' id='par_1_5' title="bbox 89 3090 1407 3690">
     <span class='ocr_line' id='line_1_10' title="bbox 168 3090 1369 3184; baseline 0.006 -28"><span class='ocrx_word' id='word_1_43' title='bbox 168 3090 346 3160; x_wconf 83' lang='lat' dir='ltr'>(iranrrlum</span> <span class='ocrx_word' id='word_1_44' title='bbox 370 3095 538 3174; x_wconf 89' lang='lat' dir='ltr'>seminale,</span> <span class='ocrx_word' id='word_1_45' title='bbox 561 3117 659 3182; x_wconf 80' lang='lat' dir='ltr'>sporo</span> <span class='ocrx_word' id='word_1_46' title='bbox 682 3099 732 3164; x_wconf 91' lang='lat' dir='ltr'>vel</span> <span class='ocrx_word' id='word_1_47' title='bbox 754 3101 932 3184; x_wconf 76' lang='lat' dir='ltr'>opor-idium</span> <span class='ocrx_word' id='word_1_48' title='bbox 955 3097 1094 3176; x_wconf 90' lang='lat' dir='ltr'>dictum,</span> <span class='ocrx_word' id='word_1_49' title='bbox 1119 3118 1135 3165; x_wconf 90' lang='lat' dir='ltr'>o</span> <span class='ocrx_word' id='word_1_50' title='bbox 1157 3097 1274 3165; x_wconf 89' lang='lat' dir='ltr'>duabus</span> <span class='ocrx_word' id='word_1_51' title='bbox 1297 3117 1369 3165; x_wconf 92' lang='lat' dir='ltr'>con·</span> 
     </span>
     <span class='ocr_line' id='line_1_11' title="bbox 90 3192 1368 3287; baseline 0.008 -31"><span class='ocrx_word' id='word_1_52' title='bbox 90 3192 167 3258; x_wconf 77' lang='lat' dir='ltr'>sisth</span> <span class='ocrx_word' id='word_1_53' title='bbox 189 3197 392 3274; x_wconf 76' lang='lat' dir='ltr'>membranis,</span> <span class='ocrx_word' id='word_1_54' title='bbox 414 3218 545 3282; x_wconf 85' lang='lat' dir='ltr'>quarum</span> <span class='ocrx_word' id='word_1_55' title='bbox 568 3203 702 3280; x_wconf 82' lang='lat' dir='ltr'>externa,</span> <span class='ocrx_word' id='word_1_56' title='bbox 726 3204 783 3268; x_wconf 91' lang='lat' dir='ltr'>sub</span> <span class='ocrx_word' id='word_1_57' title='bbox 805 3203 925 3270; x_wconf 91' lang='lat' dir='ltr'>nomine</span> <span class='ocrx_word' id='word_1_58' title='bbox 949 3203 1112 3287; x_wconf 90' lang='lat' dir='ltr'>perisporii</span> <span class='ocrx_word' id='word_1_59' title='bbox 1141 3202 1190 3268; x_wconf 87' lang='lat' dir='ltr'>val</span> <span class='ocrx_word' id='word_1_60' title='bbox 1221 3201 1368 3286; x_wconf 89' lang='lat' dir='ltr'>opisporii</span> 
     </span>
     <span class='ocr_line' id='line_1_12' title="bbox 89 3297 1368 3390; baseline 0.009 -32"><span class='ocrx_word' id='word_1_61' title='bbox 89 3297 166 3372; x_wconf 85' lang='lat' dir='ltr'>nota,</span> <span class='ocrx_word' id='word_1_62' title='bbox 188 3319 243 3384; x_wconf 93' lang='lat' dir='ltr'>pro</span> <span class='ocrx_word' id='word_1_63' title='bbox 267 3319 358 3366; x_wconf 90' lang='lat' dir='ltr'>mora</span> <span class='ocrx_word' id='word_1_64' title='bbox 380 3300 517 3380; x_wconf 82' lang='lat' dir='ltr'>solidior,</span> <span class='ocrx_word' id='word_1_65' title='bbox 541 3304 623 3370; x_wconf 91' lang='lat' dir='ltr'>haud</span> <span class='ocrx_word' id='word_1_66' title='bbox 647 3325 716 3372; x_wconf 85' lang='lat' dir='ltr'>raro</span> <span class='ocrx_word' id='word_1_67' title='bbox 740 3307 892 3390; x_wconf 88' lang='lat' dir='ltr'>aspemla,</span> <span class='ocrx_word' id='word_1_68' title='bbox 916 3306 1096 3390; x_wconf 88' lang='lat' dir='ltr'>plerumque</span> <span class='ocrx_word' id='word_1_69' title='bbox 1119 3305 1221 3371; x_wconf 88' lang='lat' dir='ltr'>colore</span> <span class='ocrx_word' id='word_1_70' title='bbox 1243 3303 1368 3388; x_wconf 90' lang='lat' dir='ltr'>proprio</span> 
     </span>
     <span class='ocr_line' id='line_1_13' title="bbox 89 3398 1407 3495; baseline 0.011 -36"><span class='ocrx_word' id='word_1_71' title='bbox 89 3398 180 3466; x_wconf 86' lang='lat' dir='ltr'>tincta</span> <span class='ocrx_word' id='word_1_72' title='bbox 194 3406 255 3481; x_wconf 86' lang='lat' dir='ltr'>ast,</span> <span class='ocrx_word' id='word_1_73' title='bbox 273 3407 308 3470; x_wconf 90' lang='lat' dir='ltr'>at</span> <span class='ocrx_word' id='word_1_74' title='bbox 325 3423 453 3487; x_wconf 88' lang='lat' dir='ltr'>quarum</span> <span class='ocrx_word' id='word_1_75' title='bbox 469 3406 589 3472; x_wconf 84' lang='lat' dir='ltr'>interna</span> <span class='ocrx_word' id='word_1_76' title='bbox 605 3411 749 3474; x_wconf 84' lang='lat' dir='ltr'>erismae</span> <span class='ocrx_word' id='word_1_77' title='bbox 763 3411 917 3495; x_wconf 86' lang='lat' dir='ltr'>contigua,</span> <span class='ocrx_word' id='word_1_78' title='bbox 934 3409 1047 3488; x_wconf 90' lang='lat' dir='ltr'>mollis,</span> <span class='ocrx_word' id='word_1_79' title='bbox 1064 3407 1200 3493; x_wconf 81' lang='lat' dir='ltr'>hyalino,</span> <span class='ocrx_word' id='word_1_80' title='bbox 1216 3407 1369 3474; x_wconf 87' lang='lat' dir='ltr'>elementa</span> <span class='ocrx_word' id='word_1_81' title='bbox 1395 3459 1407 3482; x_wconf 86' lang='lat'><strong>.</strong></span> 
     </span>
     <span class='ocr_line' id='line_1_14' title="bbox 90 3503 1369 3599; baseline 0.009 -33"><span class='ocrx_word' id='word_1_82' title='bbox 90 3503 168 3570; x_wconf 81' lang='lat' dir='ltr'>uaria</span> <span class='ocrx_word' id='word_1_83' title='bbox 192 3507 231 3571; x_wconf 91' lang='lat' dir='ltr'>ad</span> <span class='ocrx_word' id='word_1_84' title='bbox 255 3508 515 3594; x_wconf 77' lang='lat' dir='ltr'>germinationem</span> <span class='ocrx_word' id='word_1_85' title='bbox 539 3513 709 3578; x_wconf 86' lang='lat' dir='ltr'>necessaria</span> <span class='ocrx_word' id='word_1_86' title='bbox 732 3514 916 3599; x_wconf 84' lang='lat' dir='ltr'>(amylacea,</span> <span class='ocrx_word' id='word_1_87' title='bbox 951 3512 1222 3597; x_wconf 83' lang='lat' dir='ltr'>chlorophyllosa,</span> <span class='ocrx_word' id='word_1_88' title='bbox 1247 3511 1369 3578; x_wconf 87' lang='lat' dir='ltr'>oleaeea</span> 
     </span>
     <span class='ocr_line' id='line_1_15' title="bbox 90 3609 331 3690; baseline 0.025 -22"><span class='ocrx_word' id='word_1_89' title='bbox 90 3609 158 3690; x_wconf 83' lang='lat' dir='ltr'>etc.)</span> <span class='ocrx_word' id='word_1_90' title='bbox 179 3611 331 3676; x_wconf 91' lang='lat' dir='ltr'>continet.</span> 
     </span>
    </p>

    <p class='ocr_par' dir='ltr' id='par_1_6' title="bbox 91 3711 1445 4626">
     <span class='ocr_line' id='line_1_16' title="bbox 171 3711 1445 3798; baseline 0.003 -20"><span class='ocrx_word' id='word_1_91' title='bbox 171 3711 270 3796; x_wconf 84' lang='lat' dir='ltr'>Spora</span> <span class='ocrx_word' id='word_1_92' title='bbox 294 3714 430 3798; x_wconf 83' lang='lat' dir='ltr'>perfecie</span> <span class='ocrx_word' id='word_1_93' title='bbox 452 3718 574 3784; x_wconf 88' lang='lat' dir='ltr'>matura</span> <span class='ocrx_word' id='word_1_94' title='bbox 594 3719 774 3786; x_wconf 71' lang='lat' dir='ltr'>humiditati</span> <span class='ocrx_word' id='word_1_95' title='bbox 789 3721 945 3797; x_wconf 86' lang='lat' dir='ltr'>mandata,</span> <span class='ocrx_word' id='word_1_96' title='bbox 969 3719 1156 3786; x_wconf 90' lang='lat' dir='ltr'>incremento</span> <span class='ocrx_word' id='word_1_97' title='bbox 1172 3719 1368 3784; x_wconf 86' lang='lat' dir='ltr'>membranae</span> <span class='ocrx_word' id='word_1_98' title='bbox 1443 3755 1445 3758; x_wconf 95' lang='lat'>-</span> 
     </span>
     <span class='ocr_line' id='line_1_17' title="bbox 91 3811 1367 3909; baseline 0.008 -34"><span class='ocrx_word' id='word_1_99' title='bbox 91 3811 170 3878; x_wconf 90' lang='lat' dir='ltr'>illins</span> <span class='ocrx_word' id='word_1_100' title='bbox 207 3816 349 3882; x_wconf 88' lang='lat' dir='ltr'>internae</span> <span class='ocrx_word' id='word_1_101' title='bbox 381 3820 448 3883; x_wconf 65' lang='lat' dir='ltr'>mm</span> <span class='ocrx_word' id='word_1_102' title='bbox 478 3821 677 3888; x_wconf 84' lang='lat' dir='ltr'>vehementer</span> <span class='ocrx_word' id='word_1_103' title='bbox 707 3825 858 3909; x_wconf 78' lang='lat' dir='ltr'>turgescit</span> <span class='ocrx_word' id='word_1_104' title='bbox 894 3825 931 3889; x_wconf 89' lang='lat' dir='ltr'>ut</span> <span class='ocrx_word' id='word_1_105' title='bbox 965 3823 1151 3907; x_wconf 87' lang='lat' dir='ltr'>episporium</span> <span class='ocrx_word' id='word_1_106' title='bbox 1184 3820 1367 3904; x_wconf 88' lang='lat' dir='ltr'>disrumpat,</span> 
     </span>
     <span class='ocr_line' id='line_1_18' title="bbox 91 3913 1368 4014; baseline 0.008 -35"><span class='ocrx_word' id='word_1_107' title='bbox 91 3913 277 4002; x_wconf 87' lang='lat' dir='ltr'>liberumque</span> <span class='ocrx_word' id='word_1_108' title='bbox 302 3921 420 3986; x_wconf 83' lang='lat' dir='ltr'>exitum</span> <span class='ocrx_word' id='word_1_109' title='bbox 442 3924 595 3992; x_wconf 72' lang='lat' dir='ltr'>ruimus</span> <span class='ocrx_word' id='word_1_110' title='bbox 617 3927 809 4010; x_wconf 85' lang='lat' dir='ltr'>primordiali</span> <span class='ocrx_word' id='word_1_111' title='bbox 831 3927 1085 4014; x_wconf 83' lang='lat' dir='ltr'>germinationem</span> <span class='ocrx_word' id='word_1_112' title='bbox 1107 3925 1265 3992; x_wconf 84' lang='lat' dir='ltr'>inchoanti</span> <span class='ocrx_word' id='word_1_113' title='bbox 1281 3944 1368 4010; x_wconf 91' lang='lat' dir='ltr'>prae-</span> 
     </span>
     <span class='ocr_line' id='line_1_19' title="bbox 92 4015 1367 4115; baseline 0.005 -28"><span class='ocrx_word' id='word_1_114' title='bbox 92 4015 166 4082; x_wconf 76' lang='lat' dir='ltr'>beat</span> <span class='ocrx_word' id='word_1_115' title='bbox 211 4022 280 4104; x_wconf 87' lang='lat' dir='ltr'>Quo</span> <span class='ocrx_word' id='word_1_116' title='bbox 313 4023 397 4090; x_wconf 82' lang='lat' dir='ltr'>tacto</span> <span class='ocrx_word' id='word_1_117' title='bbox 430 4026 564 4094; x_wconf 91' lang='lat' dir='ltr'>vesicula</span> <span class='ocrx_word' id='word_1_118' title='bbox 593 4029 670 4095; x_wconf 89' lang='lat' dir='ltr'>haec</span> <span class='ocrx_word' id='word_1_119' title='bbox 698 4031 729 4095; x_wconf 91' lang='lat' dir='ltr'>in</span> <span class='ocrx_word' id='word_1_120' title='bbox 759 4032 929 4097; x_wconf 90' lang='lat' dir='ltr'>utriculum</span> <span class='ocrx_word' id='word_1_121' title='bbox 958 4033 1107 4115; x_wconf 84' lang='lat' dir='ltr'>augetur,</span> <span class='ocrx_word' id='word_1_122' title='bbox 1134 4028 1172 4094; x_wconf 95' lang='lat' dir='ltr'>ab</span> <span class='ocrx_word' id='word_1_123' title='bbox 1194 4027 1367 4112; x_wconf 65' lang='lat' dir='ltr'>Hedwiffl‘o,</span> 
     </span>
     <span class='ocr_line' id='line_1_20' title="bbox 93 4117 1368 4219; baseline 0.003 -30"><span class='ocrx_word' id='word_1_124' title='bbox 93 4117 265 4190; x_wconf 75' lang='lat' dir='ltr'>Maurorum</span> <span class='ocrx_word' id='word_1_125' title='bbox 294 4127 529 4211; x_wconf 84' lang='lat' dir='ltr'>gennioationis</span> <span class='ocrx_word' id='word_1_126' title='bbox 560 4132 658 4217; x_wconf 91' lang='lat' dir='ltr'>primo</span> <span class='ocrx_word' id='word_1_127' title='bbox 688 4133 861 4212; x_wconf 90' lang='lat' dir='ltr'>detectore,</span> <span class='ocrx_word' id='word_1_128' title='bbox 894 4133 1208 4219; x_wconf 76' lang='lat' dir='ltr'>pseudocotyicdom&#39;a</span> <span class='ocrx_word' id='word_1_129' title='bbox 1246 4129 1368 4197; x_wconf 88' lang='lat' dir='ltr'>nomine</span> 
     </span>
     <span class='ocr_line' id='line_1_21' title="bbox 94 4225 1367 4322; baseline 0.007 -33"><span class='ocrx_word' id='word_1_130' title='bbox 94 4225 275 4306; x_wconf 75' lang='lat' dir='ltr'>minamur,</span> <span class='ocrx_word' id='word_1_131' title='bbox 299 4249 318 4294; x_wconf 86' lang='lat' dir='ltr'>a</span> <span class='ocrx_word' id='word_1_132' title='bbox 338 4232 559 4299; x_wconf 88' lang='lat' dir='ltr'>recentioribus</span> <span class='ocrx_word' id='word_1_133' title='bbox 583 4253 618 4302; x_wconf 91' lang='lat' dir='ltr'>eo</span> <span class='ocrx_word' id='word_1_134' title='bbox 638 4237 880 4322; x_wconf 80' lang='lat' dir='ltr'>proembryoois</span> <span class='ocrx_word' id='word_1_135' title='bbox 903 4257 957 4304; x_wconf 89' lang='lat' dir='ltr'>seu</span> <span class='ocrx_word' id='word_1_136' title='bbox 978 4236 1141 4320; x_wconf 78' lang='lat' dir='ltr'>prothadii</span> <span class='ocrx_word' id='word_1_137' title='bbox 1162 4233 1367 4318; x_wconf 84' lang='lat' dir='ltr'>designatum.</span> 
     </span>
     <span class='ocr_line' id='line_1_22' title="bbox 95 4323 1367 4423; baseline 0.009 -35"><span class='ocrx_word' id='word_1_138' title='bbox 95 4323 251 4395; x_wconf 83' lang='lat' dir='ltr'>Utriculus</span> <span class='ocrx_word' id='word_1_139' title='bbox 266 4331 316 4398; x_wconf 89' lang='lat' dir='ltr'>hic</span> <span class='ocrx_word' id='word_1_140' title='bbox 332 4335 605 4420; x_wconf 80' lang='lat' dir='ltr'>proembryonahs,</span> <span class='ocrx_word' id='word_1_141' title='bbox 629 4341 774 4406; x_wconf 80' lang='lat' dir='ltr'>callidam</span> <span class='ocrx_word' id='word_1_142' title='bbox 788 4342 982 4407; x_wconf 87' lang='lat' dir='ltr'>matricalem</span> <span class='ocrx_word' id='word_1_143' title='bbox 995 4337 1228 4423; x_wconf 79' lang='lat' dir='ltr'>primordialem</span> <span class='ocrx_word' id='word_1_144' title='bbox 1244 4335 1367 4412; x_wconf 88' lang='lat' dir='ltr'>sistens,</span> 
     </span>
     <span class='ocr_line' id='line_1_23' title="bbox 95 4426 1368 4528; baseline -0.009 -16"><span class='ocrx_word' id='word_1_145' title='bbox 95 4426 323 4517; x_wconf 59' lang='lat' dir='ltr'>ffiilhfflssfflate</span> <span class='ocrx_word' id='word_1_146' title='bbox 346 4436 469 4522; x_wconf 80' lang='lat' dir='ltr'>singulo</span> <span class='ocrx_word' id='word_1_147' title='bbox 491 4440 660 4524; x_wconf 89' lang='lat' dir='ltr'>parietibus</span> <span class='ocrx_word' id='word_1_148' title='bbox 683 4444 927 4528; x_wconf 87' lang='lat' dir='ltr'>perpendiculari</span> <span class='ocrx_word' id='word_1_149' title='bbox 949 4444 981 4507; x_wconf 91' lang='lat' dir='ltr'>in</span> <span class='ocrx_word' id='word_1_150' title='bbox 1004 4442 1133 4508; x_wconf 90' lang='lat' dir='ltr'>cellulas</span> <span class='ocrx_word' id='word_1_151' title='bbox 1156 4439 1233 4504; x_wconf 87' lang='lat' dir='ltr'>duas</span> <span class='ocrx_word' id='word_1_152' title='bbox 1256 4436 1368 4502; x_wconf 88' lang='lat' dir='ltr'>dividi·</span> 
     </span>
     <span class='ocr_line' id='line_1_24' title="bbox 96 4531 1369 4626; baseline -0.005 -15"><span class='ocrx_word' id='word_1_153' title='bbox 96 4531 152 4610; x_wconf 63' lang='lat' dir='ltr'>Wr·</span> <span class='ocrx_word' id='word_1_154' title='bbox 172 4553 300 4617; x_wconf 71' lang='lat' dir='ltr'>quanm</span> <span class='ocrx_word' id='word_1_155' title='bbox 322 4537 443 4616; x_wconf 87' lang='lat' dir='ltr'>ultima,</span> <span class='ocrx_word' id='word_1_156' title='bbox 468 4543 637 4610; x_wconf 88' lang='lat' dir='ltr'>matricalis</span> <span class='ocrx_word' id='word_1_157' title='bbox 661 4547 785 4613; x_wconf 91' lang='lat' dir='ltr'>secundi</span> <span class='ocrx_word' id='word_1_158' title='bbox 807 4547 922 4615; x_wconf 88' lang='lat' dir='ltr'>ordinis</span> <span class='ocrx_word' id='word_1_159' title='bbox 946 4547 1037 4626; x_wconf 85' lang='lat' dir='ltr'>facta,</span> <span class='ocrx_word' id='word_1_160' title='bbox 1061 4544 1168 4612; x_wconf 91' lang='lat' dir='ltr'>eodem</span> <span class='ocrx_word' id='word_1_161' title='bbox 1191 4542 1284 4608; x_wconf 90' lang='lat' dir='ltr'>modo</span> <span class='ocrx_word' id='word_1_162' title='bbox 1306 4541 1369 4606; x_wconf 91' lang='lat' dir='ltr'>cel-</span> 
     </span>
    </p>
   </div>
   <div class='ocr_carea' id='block_1_5' title="bbox 17 4631 1368 4806">
    <p class='ocr_par' dir='ltr' id='par_1_7' title="bbox 17 4631 1368 4806">
     <span class='ocr_line' id='line_1_25' title="bbox 17 4631 1368 4746; baseline 0.005 -44"><span class='ocrx_word' id='word_1_163' title='bbox 17 4705 18 4746; x_wconf 26' lang='lat'>}</span> <span class='ocrx_word' id='word_1_164' title='bbox 97 4631 186 4700; x_wconf 81' lang='lat' dir='ltr'>lulum</span> <span class='ocrx_word' id='word_1_165' title='bbox 207 4639 292 4704; x_wconf 79' lang='lat' dir='ltr'>tertii</span> <span class='ocrx_word' id='word_1_166' title='bbox 316 4638 432 4709; x_wconf 92' lang='lat' dir='ltr'>ordinis</span> <span class='ocrx_word' id='word_1_167' title='bbox 454 4649 597 4729; x_wconf 90' lang='lat' dir='ltr'>procreat</span> <span class='ocrx_word' id='word_1_168' title='bbox 620 4649 652 4714; x_wconf 90' lang='lat' dir='ltr'>et</span> <span class='ocrx_word' id='word_1_169' title='bbox 674 4649 719 4716; x_wconf 93' lang='lat' dir='ltr'>sic</span> <span class='ocrx_word' id='word_1_170' title='bbox 740 4669 846 4735; x_wconf 89' lang='lat' dir='ltr'>porro,</span> <span class='ocrx_word' id='word_1_171' title='bbox 869 4669 966 4736; x_wconf 90' lang='lat' dir='ltr'>usque</span> <span class='ocrx_word' id='word_1_172' title='bbox 988 4649 1062 4716; x_wconf 90' lang='lat' dir='ltr'>dum</span> <span class='ocrx_word' id='word_1_173' title='bbox 1083 4647 1276 4713; x_wconf 88' lang='lat' dir='ltr'>filamentnm</span> <span class='ocrx_word' id='word_1_174' title='bbox 1298 4644 1368 4728; x_wconf 90' lang='lat' dir='ltr'>plus</span> 
     </span>
     <span class='ocr_line' id='line_1_26' title="bbox 144 4743 1176 4806; baseline -0.01 -1"><span class='ocrx_word' id='word_1_175' title='bbox 144 4743 270 4804; x_wconf 60' lang='lat'>&amp;⁰⁰¹¹-</span> <span class='ocrx_word' id='word_1_176' title='bbox 283 4749 400 4806; x_wconf 62' lang='lat' dir='ltr'>Smm</span> <span class='ocrx_word' id='word_1_177' title='bbox 420 4753 507 4802; x_wconf 68' lang='lat' dir='ltr'>lm</span> <span class='ocrx_word' id='word_1_178' title='bbox 1159 4765 1176 4804; x_wconf 65' lang='lat' dir='ltr'>a</span> 
     </span>
    </p>
   </div>
   <div class='ocr_carea' id='block_1_6' title="bbox 0 0 1663 5214">
    <p class='ocr_par' dir='ltr' id='par_1_8' title="bbox 0 0 1663 5214">
     <span class='ocr_line' id='line_1_27' title="bbox 0 0 1663 5214; baseline 0 0"><span class='ocrx_word' id='word_1_179' title='bbox 0 0 1663 5214; x_wconf 95' lang='lat' dir='ltr'> </span> 
     </span>
    </p>
   </div>
  </div>
 </body>
</html>
