3182 5252
556 345 752 426 salamone
1227 348 1290 416 847

105 523 216 598 Radit.
246 533 277 598 in
309 531 384 598 locis
407 529 577 616 spongiosis
600 530 639 596 ad
661 529 810 595 montium
833 523 940 608 latera,
962 529 1061 596 rarius
1084 532 1117 597 in
1138 532 1291 613 turlaceis,

13 630 169 718 caespites
191 637 290 702 minus
313 637 454 701 extensos
477 635 639 700 efformans
662 653 752 716 qnam
780 652 964 718 congenerat
999 635 1076 700 satis
1099 635 1290 718 sporadicum

14 758 68 821 per
91 739 264 824 Vogesum,
297 741 350 805 ubi
380 757 472 822 prope
494 739 653 823 Bruybrea
683 739 771 804 amic.
794 738 946 804 Mensem
968 740 1083 821 primus
1105 741 1183 823 legit
1204 758 1291 805 cum·

14 862 72 924 qne
95 843 232 908 Bruchio
254 843 509 921 communicavit,
540 861 594 925 per
615 841 896 927 sylvam-nigram,
926 843 1130 926 Hercyniam,
1153 844 1291 910 Saltum·

13 946 247 1031 thuringicum,
269 948 417 1031 reperitur
438 950 591 1013 caeterum
614 947 645 1011 iu
668 945 795 1011 turiosis
818 945 1000 1012 Germaniae
1023 949 1192 1030 sapienta,
1216 947 1290 1013 Sua-

13 1051 100 1130 ciae,
123 1052 299 1134 Lapponiae
321 1055 352 1117 et
375 1050 573 1128 Britanniae;
607 1057 716 1129 var-a
737 1049 769 1114 in
791 1050 877 1132 aquis
901 1051 1116 1134 stagnantibus
1138 1051 1290 1118 turlacco-

12 1175 79 1220 rum
106 1155 237 1220 Murcia
259 1155 313 1220 des
335 1154 435 1220 Ponte
457 1155 550 1221 ,lurae
573 1153 742 1218 belaeticae
763 1153 1007 1238 (Lnsuunrrnnx).

104 1258 216 1325 Fruar.
240 1265 355 1324 matur.
379 1257 473 1342 Maj0.

101 1387 210 1448 Differt
232 1406 250 1447 a
271 1387 394 1447 caeteris
416 1387 530 1462 generis
553 1386 705 1460 speciebus
726 1385 882 1445 teneritate
899 1386 1023 1445 omnium
1039 1387 1175 1461 partium,
1197 1387 1290 1448 colora

13 1475 220 1534 amoenissima
243 1475 333 1534 diluto
357 1474 451 1544 viridi,
473 1473 585 1533 cellulis
607 1472 781 1532 ramulorum
802 1472 1040 1548 lageniformibus
1062 1475 1193 1534 maximis
1209 1477 1290 1550 apice

15 1565 122 1635 aperto
149 1562 298 1633 aurantio,
320 1561 414 1637 sporis
437 1560 613 1635 sulphureis,
642 1562 730 1635 atque
752 1560 887 1634 capsulae
909 1562 1079 1620 maturitate
1102 1563 1291 1637 praeconiare.

13 1649 153 1708 Proxime
176 1652 321 1708 caeterum
344 1649 382 1708 ad
404 1647 510 1707 formas
533 1647 658 1706 minores
680 1646 750 1723 Splr.
772 1647 942 1706 ucbeeacodi
964 1649 1084 1708 accedit.

102 1753 261 1814 Plantulae
283 1756 439 1828 pertenues
461 1751 652 1812 remotifoliaa
676 1751 790 1810 omnino
814 1752 958 1826 simplices
980 1753 1010 1812 in
1033 1754 1131 1813 eodem
1163 1754 1290 1829 caespite

13 1859 78 1900 cum
103 1841 266 1916 majoribus
288 1840 441 1900 ramulosis
463 1839 655 1913 reperiuntur.

317 2024 395 2089 Sect.
425 2021 478 2086 VI.
524 2022 722 2108 Spioque
744 2020 1002 2106 cymbifolia.

102 2161 238 2228 Plantae
261 2179 419 2244 procerae,
452 2161 587 2227 omnium
617 2158 867 2238 robustissimae,
899 2161 980 2226 loliis
1009 2162 1137 2227 caulinis
1159 2162 1290 2246 magnis,

14 2266 181 2350 lingulatis
204 2265 252 2331 vel
268 2264 466 2348 spathulatis,
488 2264 570 2330 foliis
587 2264 746 2330 ramuliuis
762 2265 850 2330 valde
865 2268 1014 2345 concavis,
1038 2267 1209 2345 cucullatis,
1231 2269 1291 2332 im·

14 2371 166 2446 micatis,
190 2368 286 2435 caulis
308 2369 516 2452 integumento
539 2386 659 2446 crasso,
683 2369 771 2446 laxo,
794 2387 810 2434 e
832 2368 950 2434 sabulis
972 2372 1094 2454 magnis
1116 2371 1237 2437 fibrosis
1260 2375 1293 2438 et

16 2475 138 2558 perosis
161 2474 339 2556 composito.

378 2674 425 2729 10.
464 2672 663 2741 Sphagnum
685 2651 936 2741 cymbifollnrn.

477 2794 571 2852 Eunu.
594 2795 728 2854 Hannon.
750 2796 829 2872 Mag.

102 2923 255 2990 Diuicum.
286 2923 418 2990 Plantae
440 2924 584 2990 robustae
607 2925 805 3009 semipedales
822 2926 853 2991 et
867 2926 998 3008 pedales,
1022 2946 1076 3009 pro
1092 2945 1174 2993 more
1190 2928 1293 3010 bipar-

13 3032 101 3109 titae,
126 3029 277 3112 caespites
289 3029 417 3096 laxiores
432 3029 645 3113 densioresque
659 3031 864 3109 efformantes,
881 3050 959 3096 nunc
973 3031 1087 3114 pallide
1102 3031 1151 3097 vel
1166 3031 1293 3116 glauco-

15 3137 46 3198 et
68 3133 356 3211 elissaee-virides,
386 3153 466 3200 nuno
488 3136 760 3217 purpurascentes,
792 3135 908 3200 interne
937 3134 1144 3216 pallescentes.
1189 3134 1291 3202 Cauiis

16 3239 145 3316 solidus,
166 3237 298 3322 ligneus,
321 3256 410 3321 opere
432 3237 576 3304 oelluloso
599 3239 735 3305 corticali
751 3239 839 3305 valde
854 3239 1015 3322 spongioso
1032 3240 1164 3304 stratum
1180 3240 1291 3324 triplex

16 3345 45 3408 et
60 3343 253 3427 quadruplex
267 3363 285 3409 e
298 3344 418 3410 cellulis
434 3344 677 3427 spirali-fibrosis
693 3346 725 3410 et
739 3345 855 3427 porcsis
870 3345 1060 3410 efformatum
1076 3342 1290 3410 constituente.

17 3446 143 3512 Remuli
166 3447 263 3529 patuli
288 3448 307 3511 2
329 3449 379 3513 val
403 3447 422 3512 3
445 3447 573 3527 arcuati,
597 3447 1039 3533 turgescanti-flagellilormes,
1062 3448 1186 3531 penduli
1201 3448 1291 3514 valde

17 3549 158 3636 elongati
178 3550 284 3633 pallidi
306 3551 387 3618 cauli
408 3551 559 3636 adpressi;
592 3553 709 3618 cellulis
741 3552 935 3618 corticalibus
967 3551 1106 3618 omnibus
1139 3551 1290 3619 similibus

17 3655 188 3737 spiriferis,
221 3656 336 3737 partim
358 3657 396 3722 ad
419 3657 648 3724 extremitatem
670 3657 853 3740 superiorem
875 3658 1016 3741 pertusis.
1061 3657 1149 3722 Faba
1170 3656 1292 3723 caulina

17 3761 198 3842 plerumque
213 3759 334 3838 reflexa,
357 3760 715 3845 lingulatcspatbulata,
732 3761 817 3845 apice
832 3761 994 3828 rotundato
1010 3773 1193 3843 praemorsa,
1208 3762 1290 3828 haud

17 3862 158 3942 limbata,
180 3863 355 3944 tenerrima,
372 3864 505 3942 sulcata;
528 3866 646 3932 cellulis
661 3865 794 3949 hyalinis
810 3865 986 3944 laxissimis,
1002 3865 1191 3931 inferioribus
1206 3866 1291 3931 clou-

18 3969 102 4050 gatis
135 3965 274 4034 alibrosis
307 3970 339 4034 et
368 3969 523 4052 aporcsis,
558 3970 762 4051 superioribus
793 3969 997 4049 abbreviatis,
1030 3969 1119 4035 valde
1140 3969 1290 4049 dilatatis,

19 4071 172 4138 rhombais
195 4073 229 4137 at
250 4071 483 4155 subquadratis,
516 4073 717 4141 subtilissime
749 4072 888 4154 fibrosis,
920 4073 1050 4157 singulis
1072 4092 1147 4156 poro
1171 4074 1291 4158 singulo

20 4177 162 4256 pertusio.
208 4175 294 4243 Folia
317 4178 469 4244 ramulina
498 4178 591 4244 dense
623 4178 799 4256 imbricata,
823 4178 884 4245 late
914 4179 1022 4257 oratu,
1045 4175 1191 4259 profunde
1220 4195 1291 4242 con-

20 4297 112 4358 cava,
142 4278 259 4362 apicem
282 4298 388 4346 versus
410 4282 548 4366 margine
570 4282 714 4361 incurva,
744 4283 830 4366 apice
852 4281 1005 4348 carcallata
1027 4281 1171 4363 artusque
1197 4281 1291 4348 cellu-

21 4383 59 4450 lis
97 4384 230 4468 partusis
261 4384 499 4468 subsquamosa3
538 4386 665 4452 cellulae
695 4385 836 4471 hyalinae
870 4385 967 4450 totius
1000 4384 1066 4450 lolii
1093 4383 1289 4468 majusculae,

21 4489 194 4569 rhombeae,
216 4489 387 4556 annulatim
403 4492 435 4556 et
450 4490 604 4573 spiraliter
625 4490 764 4570 fibrosae,
786 4491 868 4572 poris
890 4487 1056 4555 rarioribus
1078 4487 1200 4574 magnis
1222 4507 1290 4571 per-

22 4595 118 4661 tusae.
161 4594 276 4661 Planta
298 4595 436 4662 mascula
457 4595 586 4663 feminea
609 4598 702 4681 vulgo
724 4595 877 4682 gracilior,
899 4590 1063 4660 amentulis
1078 4592 1289 4659 crassiusculis

22 4697 200 4766 rotundato·
233 4699 281 4766 val
313 4699 674 4786 pentagono-imbricatis
708 4701 868 4781 clivensis,
899 4697 1051 4766 ochrecaia
1081 4697 1131 4764 vol
1153 4697 1289 4766 rubellis.
