3388 5218
281 313 398 374 XXXVI
837 314 1011 376 Introductio.

368 495 415 560 De
435 511 563 574 numero
585 469 727 558 foliorum
750 493 1014 574 periohaetialium
1036 495 1082 562 nil
1104 497 1180 562 oerti
1203 499 1299 564 statui
1322 501 1445 582 potest;
1469 521 1559 568 sum·

279 617 403 681 mopere
426 597 507 664 enim
530 595 670 662 diversm
693 599 741 662 est
763 617 818 679 pro
841 599 971 665 dirersis
995 601 1152 681 speciebus
1176 604 1269 684 atque
1284 606 1456 686 generibus.
1490 608 1559 672 Duo

279 703 329 768 vel
350 702 412 768 tria
436 703 636 766 numerantur
658 700 690 765 in
714 700 773 778 his,
799 701 912 786 viginti
934 704 973 768 ad
996 704 1128 788 triginta
1151 706 1181 769 in
1204 706 1277 770 illis.

287 831 292 840 ·
364 804 551 870 Perichaetii
583 803 700 867 indoles
734 803 766 868 in
796 805 965 886 specierum
999 806 1203 889 descriptione
1225 808 1351 875 minime
1373 812 1558 895 negligenda

277 913 334 990 est,
358 910 564 974 characterem
588 907 671 974 enim
693 907 867 989 specificam
889 910 1014 992 praebet
1036 911 1339 992 praestantissimum
1363 913 1411 977 vir
1427 905 1492 979 ulla
1507 915 1556 980 in·

276 1014 453 1080 constantia
477 1011 668 1096 ambiguum.

811 1223 1018 1232 ————.

739 1409 851 1494 Pars
879 1413 1087 1496 secunda.

309 1569 501 1644 Musaornm
528 1563 695 1642 hahitatio
722 1576 756 1643 et
784 1567 977 1644 distributio
1003 1592 1062 1666 per
1088 1567 1255 1666 Europam
1282 1569 1516 1669 geographica.

856 1845 926 1926 bap.
948 1846 970 1914 l.

640 1991 689 2061 De
715 1989 900 2061 blascorum
926 1991 1022 2062 modo
1048 1991 1186 2061 vivendi

659 2127 685 2198 fl.
711 2127 737 2186 1.
783 2127 825 2188 De
848 2128 910 2188 rita
932 2145 1030 2188 eorsum
1052 2127 1162 2186 sociali.

358 2259 459 2326 Musei
481 2258 606 2341 plantae
628 2257 798 2324 eminenter
820 2259 980 2324 sociabiles
1003 2261 1093 2338 sunt,
1124 2260 1156 2323 et
1186 2277 1246 2324 non
1269 2257 1369 2322 solum
1392 2255 1551 2322 individua

271 2363 407 2446 ejusdem
430 2359 541 2444 speciei
563 2361 742 2426 societatem
765 2363 872 2427 ineunt
895 2363 948 2427 sed
970 2363 1064 2426 etiam
1081 2362 1196 2445 species
1211 2361 1363 2436 diversam
1386 2359 1551 2425 societates

270 2486 341 2532 curn
363 2465 562 2532 societatibus
586 2465 865 2550 seseoonj1mgnnt
888 2465 1063 2547 laetumque
1085 2466 1174 2530 illum
1197 2467 1332 2548 tapetem
1356 2465 1550 2547 variegatam

270 2569 433 2654 effingunt,
456 2567 509 2652 qui
526 2569 645 2634 montes
662 2567 832 2634 altissimos
855 2569 970 2650 plantis
994 2568 1223 2651 perfectioribus
1240 2567 1464 2633 inaccessibiles
1480 2567 1550 2632 ani·

270 2674 354 2752 mat,
384 2671 488 2756 sylvas
515 2671 610 2738 radiis
642 2672 715 2737 solis
739 2672 903 2754 impervias
926 2673 1064 2739 hilarent
1087 2675 1262 2754 terramque
1284 2675 1391 2738 contra
1412 2671 1549 2736 exsicea-

269 2775 385 2842 tionem
407 2777 501 2859 atque
523 2774 765 2859 congelationem
788 2773 871 2841 uitae
893 2774 1060 2858 vegetabili
1092 2777 1124 2840 et
1145 2775 1274 2841 animali
1296 2792 1391 2856 aeque
1411 2773 1550 2840 funestas

268 2881 445 2964 protegunt.

355 2982 532 3049 Musa-orum
555 2982 681 3048 coeundi
702 2983 811 3048 modus
833 2983 972 3048 diversus
994 2983 1143 3065 reperitur
1158 2982 1346 3065 diversisque
1369 2981 1548 3048 denomina-

267 3087 401 3154 tionibus
423 3085 612 3168 dosignatur.
658 3085 758 3150 Musei
780 3104 910 3168 qnorum
934 3087 1087 3152 individua
1109 3086 1206 3153 vitam
1229 3087 1351 3152 omnino
1373 3085 1548 3151 solitariam

267 3192 393 3277 degunt,
416 3188 467 3254 uir
489 3191 661 3267 occurrunt,
686 3191 751 3255 vita
773 3192 917 3276 gregaria
939 3194 1047 3258 contra
1068 3192 1235 3276 gaudentes
1252 3209 1312 3256 non
1327 3191 1416 3274 pauci
1433 3192 1548 3272 reperi·

268 3297 370 3374 untur,
393 3293 546 3373 densaque
568 3292 692 3358 cohorte
714 3295 894 3378 congregati
918 3295 1007 3380 longe
1030 3296 1273 3361 numerosissimi
1296 3297 1378 3360 sunt.

353 3395 453 3462 Musei
482 3395 574 3460 denso
604 3415 699 3480 grege
732 3397 888 3480 conjuncti
920 3417 999 3464 nunc
1028 3399 1178 3480 caespites
1206 3398 1365 3481 depressos
1396 3399 1445 3462 rel
1475 3397 1547 3480 plus

266 3503 367 3569 minus
390 3503 498 3578 elatos,
521 3501 628 3584 planos
653 3504 717 3565 eive
741 3503 959 3580 tumescentes,
982 3503 1129 3578 efficiunt,
1153 3521 1234 3568 nunc
1257 3502 1419 3584 pulvillos,
1442 3501 1474 3566 id
1497 3505 1546 3566 est

264 3605 449 3688 caespitulos
472 3603 651 3670 rotundatos
674 3623 691 3670 e
714 3605 843 3671 circuitu
867 3608 977 3672 humili
1006 3610 1145 3673 centrum
1177 3626 1299 3686 uersus,
1328 3607 1546 3688 hemisphaerii

264 3709 364 3788 modo,
386 3708 550 3774 exaltatos.
596 3707 762 3774 Plantulae
784 3713 907 3776 nostrae
931 3713 1034 3792 itaque
1058 3715 1114 3776 aut
1133 3713 1301 3796 gregoriae
1324 3713 1397 3776 sunt
1419 3713 1455 3775 ut
1474 3710 1546 3776 Fis-

264 3816 370 3880 adea
401 3813 509 3894 erilis,
540 3811 728 3894 Dimallum,
765 3813 998 3892 Bustauruiua
1038 3815 1181 3880 licrbulo
1212 3815 1359 3899 erectique
1366 3863 1376 3896 ,
1414 3815 1546 3896 ablues,

263 3917 480 3995 haereseis,-
502 3917 556 3980 aut
571 3917 786 4000 acceptantes,
809 3935 941 4000 quarum
962 3919 1040 3984 eliae
1059 3920 1378 4004 plorrerceapilorrlcs
1401 3919 1545 3996 evadunt,

263 4025 297 4088 ut
321 4019 465 4086 Barbula
489 4019 661 4100 berceolum,
682 4019 808 4102 folior,
833 4023 1056 4106 rrrrpuiculato,
1080 4023 1203 4107 Bryum
1220 4024 1544 4107 paruolae-ipsarum,

264 4123 487 4210 Spbopnorum
517 4121 647 4203 speeiem
684 4124 1041 4208 turoldo-cuespituutes,
1074 4131 1107 4190 ut
1135 4125 1352 4208 Mucobryum
1383 4126 1544 4210 plausum,

266 4225 477 4310 tetraplocoe
502 4225 694 4306 urceolotue,
724 4226 976 4311 aliialielrlrosaria
999 4231 1103 4294 rutilio
1127 4247 1190 4294 var.
1214 4229 1376 4311 elongato,
1408 4228 1544 4292 Bortro·

261 4334 327 4398 mia
344 4327 566 4415 pourisormis,
595 4328 801 4409 Halterionc,
833 4331 946 4396 Oederi
967 4353 993 4398 e.
1017 4352 1066 4409 a.;
1095 4333 1478 4418 depresso-compilantes,
1508 4335 1545 4397 ut

262 4432 508 4518 Amnystcpium
531 4431 658 4514 corbulo,
692 4456 838 4520 serpeus,
865 4435 1148 4521 Biryuobostepium
1176 4435 1351 4517 occisorium
1358 4483 1368 4518 ,
1399 4438 1543 4500 rotundi·

257 4540 384 4626 solium,
407 4537 603 4620 ‹tarr-essum,
627 4539 796 4604 decretarum
817 4558 843 4606 θ.
868 4559 913 4618 a.;
941 4543 1319 4626 irrtricutoouespituutce‚
1342 4543 1377 4606 ut
1400 4541 1543 4626 Brachy-

258 4645 396 4716 cbocr'um
418 4641 597 4726 volutinam,
619 4645 821 4728 subcrescat,
844 4645 1086 4732 Eurlryucbiurn
1108 4647 1301 4734 serapoeum·
1323 4667 1399 4732 uage
1422 4648 1545 4732 auruspi-
