3316 5262
290 387 355 455 758
845 391 1018 464 Hypnaceae.

375 571 543 633 Varietatee
576 574 623 633 vel
655 574 764 635 formae
796 574 895 649 plures
926 575 997 637 folia
1028 575 1183 636 suberecta
1210 575 1406 635 strictinscnla
1427 578 1544 650 gerentes

291 659 449 720 transitum
472 660 510 720 ad
533 659 739 740 Heteropbyllo
761 663 925 736 moderant,
948 681 1070 740 quorum
1093 663 1164 724 folia
1179 679 1232 738 pro
1248 665 1331 738 parte
1346 661 1477 722 murrata
1489 679 1547 721 con·

291 746 465 822 spiciuntnr,
487 765 540 824 pro
561 751 777 828 pertenerecta.
919 820 923 828 ¹

693 939 747 999 86.
777 940 947 1010 Hypnum
969 943 1162 1002 mouatuua

658 1061 760 1122 Lmne.
783 1063 850 1124 Vet.
871 1063 968 1125 Akad.
990 1065 1086 1126 Helm.
1111 1063 1206 1122 1861.

381 1189 532 1258 Dioicnm.
578 1191 736 1277 Gaespites
759 1195 887 1262 demissi
909 1197 958 1262 vel
975 1196 1051 1263 elati
1073 1195 1259 1281 irregulares
1281 1193 1355 1272 laxi,
1377 1191 1556 1266 lutescentes,

294 1292 391 1358 diluta
402 1293 599 1374 mlescentes,
622 1297 670 1362 vel
692 1297 816 1381 pallide,
840 1299 941 1365 rarius
963 1300 1044 1367 laete
1068 1299 1191 1366 virides.
1223 1297 1329 1365 Gauiis
1351 1315 1429 1362 nnnc
1449 1294 1557 1360 omnino

293 1398 505 1480 procumbens,
528 1419 609 1467 nunc
630 1421 648 1468 e
670 1403 888 1485 procumbente
910 1404 977 1470 basi
1001 1404 1181 1484 ascendens,
1205 1421 1258 1468 seu
1280 1403 1419 1480 erectus,
1448 1396 1557 1466 cenum

294 1500 403 1567 5-10
424 1503 527 1582 altus,
557 1523 648 1588 parce
677 1505 865 1573 rudiculosas
888 1507 937 1574 rel
960 1508 1183 1586 eraticulosus,
1215 1505 1428 1591 irregulariter
1448 1505 1478 1570 et
1497 1504 1559 1568 sub

295 1605 481 1690 mstigiatim
503 1626 652 1674 ramosus.
683 1609 771 1677 Folia
795 1611 1069 1692 falcato-seeundo,
1093 1611 1210 1690 tenuia,
1232 1611 1352 1688 mollia,
1375 1609 1467 1676 elate
1481 1607 1560 1674 orata

295 1708 363 1775 basi
385 1712 474 1776 acute
496 1711 683 1792 lanceolata,
714 1715 976 1794 pallacontam,
1007 1719 1094 1783 costa
1116 1715 1268 1800 bipartita
1294 1713 1493 1788 brevissima.
1519 1710 1560 1776 tel

296 1813 383 1879 striis
406 1814 426 1879 2
449 1816 591 1882 brevibus
607 1817 715 1895 luteis;
736 1838 841 1886 ramea
863 1819 1057 1904 angustiore;
1081 1822 1146 1886 rete
1168 1819 1399 1896 tenuissimum,
1422 1814 1561 1902 angustia

298 1919 419 1999 simum,
440 1920 867 2003 rhemense-vermiculare,
889 1925 928 1991 ad
949 1925 1079 2010 angulos
1101 1925 1165 1989 lato
1187 1925 1353 1990 excusatos
1375 1922 1477 1988 laxum
1498 1920 1561 2002 hya

297 2023 395 2089 linum
417 2044 434 2091 e
456 2025 575 2092 cellulis
596 2026 825 2109 leptodermieis
848 2028 965 2094 inflatis
987 2029 1164 2095 formatum.
1210 2027 1362 2094 Remulus
1378 2023 1561 2110 pariebaetia

298 2127 338 2193 lis
361 2129 442 2195 band
464 2129 621 2208 radiosum
644 2130 718 2196 folia
743 2131 974 2214 perichaetialia
996 2134 1122 2199 artemo
1136 2151 1153 2198 e
1168 2131 1268 2198 medio
1285 2129 1437 2214 patentia,
1458 2129 1562 2193 interna

299 2233 589 2319 vaginanti-eracta,
611 2234 777 2301 latinseule
799 2235 952 2321 elongata,
976 2235 1089 2302 sensim
1104 2237 1136 2301 et
1151 2233 1287 2301 teuniter
1303 2233 1488 2310 acuminata,
1508 2229 1563 2313 plu-

300 2337 360 2403 ries
382 2337 528 2420 profunde
551 2339 688 2418 sulcata,
710 2341 865 2420 acenteta,
889 2342 1086 2420 tenuissima,
1108 2340 1245 2425 hyalino.
1292 2338 1449 2423 Vagiuula
1470 2353 1563 2420 apan-

300 2443 443 2526 physata.
490 2441 624 2526 (lapsula
646 2444 678 2509 iu
702 2443 848 2527 pedioello
870 2445 962 2530 longo
984 2463 1134 2528 purpureo
1160 2461 1289 2523 camna,
1312 2444 1459 2527 oblonga,
1480 2439 1563 2504 rarius

301 2547 505 2614 crassiusoule
519 2549 628 2629 oratis,
650 2550 845 2629 subarouata,
869 2551 948 2616 sicca
963 2549 1178 2633 deoperoulata
1192 2551 1320 2614 menate
1337 2545 1502 2613 sulcataet
1521 2541 1563 2606 sub

303 2671 354 2719 ore
376 2651 487 2718 leniter
510 2653 693 2732 constricta,
715 2652 918 2730 flavo-fusca,
940 2653 1065 2719 tandm
1087 2651 1273 2719 rufo-badia.
1318 2649 1504 2734 Opercnlum
1523 2661 1564 2710 au

303 2755 483 2836 contiacum,
506 2775 523 2822 e
546 2756 614 2822 basi
636 2774 769 2823 convexa
791 2757 925 2823 breviter
945 2758 977 2822 ct
999 2759 1090 2824 acute
1105 2755 1326 2823 acuminatum
1361 2752 1564 2832 Annulusper·

303 2862 399 2941 latus,
421 2861 620 2944 compositus.
665 2859 842 2927 Peristomii
864 2861 982 2927 externi
1003 2860 1109 2927 dentes
1132 2859 1257 2943 pulchre
1278 2859 1369 2938 lutei,
1391 2877 1408 2922 e
1430 2847 1565 2921 meliosi

303 2965 422 3050 apicem
443 2966 508 3032 late
529 2964 804 3050 hyalino-limbati,
827 2964 939 3030 interni
961 2965 1142 3032 lutosoentis
1164 2981 1325 3046 processus
1348 2961 1381 3028 in
1396 2959 1496 3028 carina
1508 2953 1564 3021 sub·

304 3071 419 3158 integri
440 3070 490 3137 vel
512 3070 643 3155 auguste
664 3069 814 3151 rimulosi,
837 3069 910 3136 cilia
930 3070 977 3137 bi·
998 3073 1032 3136 et
1046 3069 1222 3156 trigemina.
1253 3068 1371 3154 Sporae
1386 3065 1564 3150 terragium

302 3179 376 3244 Icon
398 3175 495 3242 nulla.

306 3299 462 3386 Hypatam
472 3304 623 3384 protense
644 3315 709 3362 var.
734 3296 897 3362 humatum
918 3295 993 3364 Son.
1016 3295 1144 3380 Synopa.
1168 3295 1215 3362 ed.
1241 3293 1269 3361 1.

306 3403 463 3491 Hypatam
478 3401 680 3484 curctfole'um
689 3401 829 3484 (Hnow.)
844 3401 878 3467 G.
894 3401 1029 3466 Monens
1044 3399 1172 3484 Synops.
1190 3399 1342 3484 (unacum
1359 3397 1403 3464 H.
1416 3391 1563 3483 protonol-

307 3511 462 3597 Hypoum
478 3514 645 3574 ermetem
666 3505 777 3572 hctus.
801 3505 841 3572 K.
865 3505 934 3572 vat.
959 3503 1292 3571 Atel.Hotm.1861.
1330 3503 1455 3569 naara.
1471 3491 1563 3564 stant
1630 3545 1631 3575 ἶ

414 3611 463 3677 Fl.
485 3610 568 3678 obt)
590 3612 624 3678 et
648 3609 697 3676 10.
743 3609 792 3674 Dn
814 3609 935 3676 Nonae.
959 3609 1039 3692 llpil.

308 3738 468 3822 Hypatam
490 3731 666 3798 Pctieoioe
687 3731 800 3796 Lruos.
825 3749 884 3798 sec.
907 3729 1014 3796 Munna
1035 3729 1143 3814 Bryol.
1168 3727 1251 3796 silea

308 3841 465 3925 lippeam
488 3837 676 3922 Isindberqii
698 3835 833 3901 Murum

308 3961 422 4040 Varo
452 3959 577 4025 elotum.
633 3957 711 4024 Late
740 3955 965 4040 caespitosnm,
1002 3955 1154 4038 caespites
1191 3955 1379 4022 latescentes
1408 3951 1455 4018 vel
1484 3947 1561 4014 dilub

418 4063 614 4132 ruleseentes.
660 4061 765 4130 Gauiis
788 4060 1074 4144 bi-tripollioaris‚
1097 4061 1226 4138 erectus,
1250 4057 1561 4144 submebffl'amramo·
1629 4055 1630 4058 ’

418 4190 480 4240 sus.
524 4167 612 4236 Folia
634 4167 748 4236 laicata
770 4168 802 4233 et
824 4166 1019 4244 emblemata,
1042 4163 1232 4249 angustiora,
1254 4163 1378 4249 longius
1400 4157 1559 4228 acumini*

310 4296 383 4361 Var.
406 4322 424 4379 y
445 4294 624 4360 dameam.
661 4289 819 4373 Oeespites
841 4287 1008 4370 deplanati,
1031 4285 1145 4370 pallide
1167 4287 1199 4352 et
1221 4284 1318 4350 nitide
1340 4281 1459 4360 virides,
1479 4278 1559 4344 muco

418 4396 582 4481 variegati.
627 4394 738 4462 Gaulos
761 4394 852 4476 leuge
875 4393 1081 4476 prorepentes,
1104 4392 1173 4474 plus
1195 4388 1298 4456 minos
1320 4385 1494 4472 regulariter
1506 4377 1559 4462 piu

417 4501 663 4570 nato-ramulosi.

399 4623 508 4690 Hebit.
532 4623 570 4690 ad
593 4624 709 4688 terram
730 4621 763 4687 in
785 4619 971 4706 graminosis
993 4617 1141 4698 humidis,
1164 4617 1203 4686 ad
1218 4617 1370 4684 fossarum
1385 4601 1557 4694 mrgueo

312 4729 351 4795 ad
373 4746 501 4812 aggeres
524 4726 606 4793 hand
626 4745 730 4792 rarum
752 4743 805 4809 per
828 4725 927 4790 mtam
949 4722 1013 4792 fera
1035 4723 1211 4808 Europam,
1244 4721 1284 4788 ab
1306 4719 1397 4788 Italia
1424 4709 1555 4798 superiore
