3188 5230
585 267 743 324 Pettiaceae.

84 440 163 504 uuo.
184 441 287 524 Brycl.
312 441 396 507 univ.
442 443 542 510 Hecu.
565 444 596 508 et
618 443 713 508 Turn.
738 442 837 509 Musc.
863 443 942 509 Brit.

53 545 187 608 Gummiu
208 545 348 629 latifolia
372 546 464 615 Wuu.
488 549 519 612 et
541 547 647 613 Moliri.

53 651 226 735 luaedppla
260 652 403 734 latifolia
434 653 521 718 Nuus
553 654 584 719 et
613 653 776 719 Heauscu.
809 653 914 738 Bryol.
945 672 1042 738 germ.
1088 655 1146 740 Ba.
1175 656 1206 719 et
1229 654 1302 721 Scu.

138 755 234 838 Bryol.
258 776 324 824 eur.
348 757 371 824 l.
396 776 422 822 c.

59 855 137 920 Polio
155 860 288 942 latifolia
313 859 347 926 C.
364 861 501 926 Murmur
523 862 651 945 Syncps.

58 959 112 1025 iar.
128 970 152 1040 a.
167 965 310 1049 pilisora,
335 965 483 1031 soliorum
506 966 625 1049 apicula
648 966 681 1032 in
704 965 801 1048 pilum
824 965 981 1048 producto.

57 1063 150 1149 llrpmu
166 1070 331 1154 pilifcrum
357 1070 538 1135 D1cus.Pl.
562 1071 660 1154 crypt.
685 1069 759 1136 susc.
783 1070 836 1134 lV.

57 1167 214 1236 tbscioodoa
229 1172 350 1258 piiifer
375 1173 466 1238 Bam.
488 1173 594 1256 Bryol.
617 1173 699 1238 uuir.
724 1173 749 1252 1,
772 1193 801 1255 p.
826 1173 900 1240 810.

122 1293 217 1358 llotit.
246 1295 284 1361 ad
315 1296 438 1360 terram
465 1295 624 1361 humosam
648 1295 834 1361 denudatam
857 1295 889 1360 iu
912 1295 1039 1361 summis
1063 1296 1189 1379 Alpium
1212 1316 1301 1364 cacu-

54 1395 174 1478 minibus,
203 1418 256 1463 uec
287 1418 349 1463 nun
384 1399 417 1462 in
446 1417 566 1464 summa
589 1399 684 1478 lura,
707 1400 739 1463 in
763 1399 866 1467 Scatia
889 1403 921 1466 et
943 1399 1116 1484 Norregia3
1140 1421 1203 1468 rar.
1227 1409 1247 1480 β
1270 1403 1303 1466 iu

54 1498 111 1563 loeis
130 1501 304 1568 siccioribus,
341 1502 451 1567 Etiam
473 1502 505 1566 in
529 1501 689 1568 Americae
711 1503 1077 1587 Montibus-rupestribus
1102 1507 1250 1587 provenit.

121 1622 216 1688 Fruot.
237 1633 358 1690 mator.
383 1625 515 1690 aestate.

56 1815 59 1825 Ι
120 1735 196 1794 Foliis
210 1738 315 1796 albidis
332 1735 495 1796 subnitidis
510 1735 539 1795 iu
555 1737 729 1812 gemmulam
744 1737 901 1812 congestis,
924 1738 1018 1796 laxius
1034 1739 1181 1811 ariolatis,
1206 1739 1298 1813 primu

55 1819 141 1878 iutuitu
160 1840 176 1880 a
196 1826 368 1900 congeneris
392 1823 596 1898 distinguitur.

467 2061 550 2138 uon.
565 2063 594 2138 3.
636 2062 849 2160 Didymcdcn.

443 2239 545 2298 Hunw.
565 2241 615 2331 'Sp
640 2241 678 2299 M.
702 2233 882 2316 (emendat).

124 2399 237 2468 Plantae
258 2423 411 2486 perennes
436 2405 492 2469 sub
514 2405 600 2487 apice
621 2405 820 2483 innovantur,
844 2406 969 2471 tandem
991 2405 1106 2488 pluries
1128 2404 1300 2472 dichotume

57 2517 180 2584 aarum,
199 2508 400 2593 fastigiatee,
435 2510 474 2574 ad
496 2509 583 2575 basin
604 2509 835 2576 innovaticnum
860 2511 1042 2576 radicantes.
1088 2509 1175 2575 Folia
1198 2510 1300 2574 5-8-

57 2601 121 2683 luia,
140 2609 286 2694 elongato-
309 2615 343 2679 et
366 2612 674 2690 lineali-lanceolata,
697 2633 768 2680 raro
790 2615 914 2692 latiora,
936 2613 1022 2696 apice
1037 2614 1215 2697 plerumque
1230 2615 1300 2697 plus

58 2708 165 2778 minusue
183 2716 327 2784 distincte
350 2719 483 2792 serrata,
506 2718 565 2783 reti
587 2717 764 2802 angustiore
786 2737 877 2800 quam
902 2718 933 2782 iu
957 2737 1067 2802 genere
1090 2718 1299 2800 praecidania,

57 2811 173 2882 darn
192 2822 449 2906 subreginantem
472 2821 569 2888 larius
590 2824 675 2888 textu
698 2822 832 2904 hyalina,
862 2823 900 2886 ad
924 2820 1041 2904 apicem
1064 2821 1153 2887 valde
1178 2822 1300 2888 chloro-

58 2913 166 2996 uhyllcsa
187 2926 300 2992 minute
323 2927 358 2990 et
380 2925 564 2990 densissime
584 2925 752 3008 papillcsa,
786 2925 910 3008 papillis
943 2944 997 3008 pro
1026 2945 1109 2992 mure
1131 2925 1300 3008 bipartitis.

57 3013 135 3086 liores
155 3025 339 3107 hisamitas,
371 3029 529 3113 polygami
562 3032 594 3093 et
627 3029 736 3106 dicici,
769 3027 925 3111 utriusque
948 3047 1039 3094 sexus
1062 3028 1300 3112 gemmilormes.

58 3119 244 3198 Pericbuetium
272 3134 347 3216 plus
377 3133 478 3196 minus
501 3131 691 3198 distinctum.
738 3131 872 3214 Capsula
893 3133 956 3198 alte
979 3131 1183 3214 pedicellata,
1215 3131 1300 3198 elcu-

56 3229 112 3302 gata
130 3232 172 3297 rel
190 3237 378 3318 cylindrum
407 3235 544 3318 aequalis
577 3235 624 3301 rel
655 3237 847 3301 subarcuata.
893 3235 1042 3320 Calyptra
1064 3235 1175 3320 lunga,
1199 3235 1300 3301 cucrd-

57 3325 113 3394 lau,
138 3339 275 3420 capsulae
295 3339 474 3423 operculum
489 3339 612 3405 brevius
627 3338 787 3423 longiusrc
802 3341 982 3406 rostratum.
1013 3339 1154 3405 Annulus
1170 3338 1300 3404 distinc-

57 3442 100 3498 tu.
135 3441 305 3514 Peristumii
322 3448 428 3513 dentes
444 3446 538 3529 plani,
561 3448 677 3526 tenues,
700 3446 894 3530 longiusculi,
917 3445 1216 3523 lineali-lanceolati,
1233 3446 1300 3512 basi

56 3541 219 3628 contuentes,
252 3553 338 3618 linea
360 3551 516 3618 divisruali
541 3551 721 3635 subintegru
746 3551 793 3615 rel
815 3551 930 3633 partim
954 3550 1004 3615 rel
1025 3552 1092 3616 tota
1115 3550 1176 3616 sere
1198 3550 1300 3634 longi·

58 3641 138 3713 tudine
157 3651 233 3734 fissa,
256 3658 374 3722 remote
396 3655 572 3734 articulati,
595 3655 768 3738 punctulati
793 3653 871 3724 haud
894 3653 1054 3737 pupillosi,
1076 3654 1299 3739 hygrcscopici,

59 3741 118 3812 haud
136 3773 196 3822 rura
216 3760 411 3844 irregulares.
443 3759 557 3841 Sporae
573 3759 721 3824 minutae.
752 3758 914 3823 Habitatio
930 3758 1085 3823 terrestris
1101 3760 1133 3822 et
1148 3759 1299 3825 saxatilis.

60 3863 226 3954 llidpmarlan
248 3885 280 3947 et
306 3881 553 3946 Tricboslomam
575 3875 686 3945 Huuw.
703 3881 735 3946 et
751 3879 935 3946 Scuwauuu.
974 3879 1100 3957 Wciar‘a,
1120 3879 1298 3944 Tautiomo-

141 4001 224 4063 ururu,
249 3987 399 4070 Οψιοᾶονι
422 3986 511 4050 Bura.

67 4071 170 4164 ll'riria,
200 4085 400 4172 Didpmodon
411 4138 422 4172 ,
458 4087 706 4152 Tricboatomum
732 4087 831 4152 Hoou.
854 4089 886 4153 et
908 4087 1004 4151 Turn.
1054 4086 1299 4151 lbirlroalomum

143 4185 171 4250 C.
191 4187 332 4257 Munera.

124 4303 213 4374 Genua
233 4315 289 4380 hee
310 4313 415 4380 differt
438 4334 457 4378 a
480 4333 511 4398 g.
539 4314 751 4380 Tricloatouro
783 4312 954 4395 peristomii
977 4311 1119 4377 dentibus
1142 4332 1161 4378 a
1183 4310 1299 4376 lamina

59 4395 145 4482 duilici
160 4413 254 4496 plano
276 4417 456 4494 efformatis,
479 4417 563 4482 loliis
587 4436 640 4500 pro
668 4437 751 4484 more
773 4417 962 4482 mollioribus
987 4416 1085 4498 magis
1107 4414 1277 4498 populosis.

112 4525 229 4638 ¹Numen
246 4535 476 4620 Heduigiannm
493 4557 512 4602 a
535 4543 666 4619 ὁιᾶυμος
688 4537 836 4621 gemellus
859 4537 996 4612 etiamr,
1020 4535 1058 4599 ob
1074 4535 1180 4600 dentes
1196 4533 1299 4617 dupli·

60 4636 95 4684 tlt
112 4644 128 4692 1.
148 4649 171 4696 e.
191 4653 206 4698 e
227 4637 336 4720 duplici
358 4641 437 4706 serie
460 4639 640 4706 cellularum
664 4639 852 4706 efformatus.
