3182 5252
564 367 760 439 spangam
1236 366 1300 434 839

27 545 148 626 Vana
177 547 436 632 squarroaalum,
477 544 569 623 ,folia
605 543 792 610 ramulorum
828 543 1081 621 horizontelium,
1119 541 1302 609 basilaribus

137 649 364 735 apicalibusque
383 649 527 733 exceptis,
551 666 722 732 squamosa,
746 647 865 713 cellulis
888 646 1020 730 hyaliuis
1037 646 1136 731 magis
1151 646 1299 729 perosis·

200 761 232 835 β,
254 783 271 839 y
293 762 487 841 omegestam,
525 753 643 830 ,colore
665 751 779 837 pallide
802 750 908 831 viridi,
940 751 1127 817 ramulomm
1150 750 1304 818 fasciculis

251 859 340 926 valde
362 858 584 926 condensatis·

200 969 231 1043 d,
253 971 273 1029 d
294 971 455 1047 ranorum,
480 963 623 1046 „plantae
646 961 782 1027 saturata
797 959 920 1039 virides,
943 961 1131 1026 ramulorum
1150 960 1304 1028 fasciculis

251 1068 390 1145 remotis,
413 1067 540 1133 ramulis
562 1065 751 1150 longioribus
774 1065 937 1132 arcuatia·
984 1066 1119 1132 Russow
1140 1067 1162 1131 l.
1186 1086 1212 1133 c.

114 1191 227 1258 Hodit.
250 1191 283 1256 iu
306 1189 464 1274 sylvaticis
486 1207 578 1272 prope
602 1188 748 1274 Despuat,
781 1187 834 1256 ubi
856 1207 936 1255 auno
962 1187 1043 1253 1847
1067 1187 1142 1254 clar.
1166 1187 1304 1255 Graccu-

24 1313 107 1360 sosu
132 1295 258 1373 detexit,
280 1298 313 1361 et
335 1294 387 1360 ubi
409 1313 462 1376 per
485 1296 587 1360 totum
609 1313 721 1360 anuum
744 1293 936 1361 fructifemm
958 1292 1112 1376 provenit,
1146 1293 1251 1359 sterile
1272 1293 1305 1358 iu

24 1400 199 1465 Eethoniae
214 1401 246 1465 et
260 1399 407 1466 livoniae
428 1399 503 1464 locis
526 1398 681 1480 pluribus;
704 1397 906 1480 pulcherrime
926 1397 958 1463 in
979 1397 1092 1481 pinetis
1114 1396 1154 1463 ad
1184 1397 1305 1462 illidet-

24 1507 114 1570 mina
131 1503 251 1587 Kyrlcc
264 1502 439 1588 Lappouiae
454 1504 587 1568 emensis
610 1503 822 1588 (Aruernos),
844 1521 937 1585 prope
959 1501 1059 1585 oppid.
1076 1502 1210 1588 Kojona
1224 1503 1305 1569 Fen·

25 1611 93 1676 niae
118 1609 325 1692 (Manassen,
350 1608 569 1692 Bsoasasus),
592 1607 623 1672 in
647 1607 760 1674 Fannia
784 1608 884 1673 media
906 1609 937 1672 et
959 1606 1074 1674 boreali
1096 1607 1249 1690 copiosum
1271 1607 1305 1672 in

24 1713 190 1798 sylvaticis
206 1712 369 1797 uliginosis
384 1712 571 1797 (Nosseru);
598 1732 662 1778 var.
679 1719 698 1790 β
714 1710 745 1776 in
761 1711 989 1796 Augermannia
1005 1712 1110 1778 merid.
1126 1711 1304 1798 thmueos)

23 1823 55 1883 et
78 1819 123 1885 al.
149 1819 172 1884 l.
217 1819 253 1884 lu
269 1816 392 1883 Cauada
414 1819 446 1882 et
467 1835 560 1900 prope
581 1817 815 1882 Novoboraoum
838 1815 997 1883 Americae
1019 1817 1277 1899 septentrionalis.

114 1945 235 2020 Species
265 1944 476 2020 pulcherrima,
507 1944 727 2004 distinctissime
761 1944 896 2019 capitulis
918 1945 1089 2004 crassiaimie
1111 1947 1304 2022 subglobosis,

23 2035 151 2094 ramulis
172 2035 202 2092 in
229 2033 328 2092 eodem
344 2032 482 2092 fasciculo
498 2032 667 2104 numerosis,
690 2049 809 2107 quorum
831 2033 952 2106 expansi
971 2034 1082 2104 breves,
1105 2033 1304 2111 pendulilougi

23 2126 53 2180 et
75 2120 255 2198 longissimi,
277 2120 359 2180 caule
380 2119 544 2195 nigricante
566 2119 687 2178 mamma
710 2119 812 2180 solido.

367 2321 466 2387 Sestio
490 2319 549 2386 IV.
596 2321 790 2407 Spdogac
812 2323 964 2388 mollia.

112 2481 249 2547 Plantae
271 2480 465 2546 mediocriter
486 2479 596 2558 elatae,
618 2479 698 2546 hand
720 2499 790 2546 raro
811 2479 954 2559 humiles,
976 2480 1067 2548 dense
1090 2481 1303 2564 caespitantes,

22 2585 216 2652 humiditate
237 2583 430 2661 mollissima,
453 2583 592 2650 siccitate
615 2583 755 2668 fragilia,
779 2583 861 2649 foliis
885 2583 1013 2650 caulinis
1036 2582 1224 2668 majusculis,
1247 2603 1303 2650 aa·

21 2695 118 2777 gasle
142 2689 301 2766 limbatis;
332 2689 493 2755 ramulinis
516 2688 828 2771 erecto-patentibus,
857 2689 1021 2770 breuibus,
1044 2689 1162 2754 cellulis
1185 2689 1304 2755 chloro-

21 2793 183 2881 phyllosis
214 2794 355 2878 augustis
382 2791 516 2876 hyalinis
546 2791 668 2857 omuino
696 2792 822 2859 inclusis
854 2793 903 2859 vel
931 2793 1028 2860 latere
1057 2794 1159 2861 antico
1181 2792 1302 2868 liberis;

19 2899 276 2986 integumentum
298 2897 441 2964 corticale
463 2898 514 2963 sat
536 2914 684 2962 crassum.

435 3115 483 3170 12.
514 3112 713 3181 Sphagnum
734 3111 894 3182 rigidum.
1007 3163 1012 3190 ‚

355 3235 424 3308 Sph.
447 3237 628 3309 compactum
651 3253 709 3295 var.
735 3235 859 3312 rigidum
881 3235 970 3294 Nares.

109 3367 297 3435 Monoleum.
326 3365 483 3449 caespites
497 3368 593 3444 densi,
610 3367 748 3434 siccitate
763 3368 890 3452 rigiduli
904 3369 936 3433 et
952 3367 1150 3447 solidinsculi,
1173 3387 1300 3450 superne

21 3471 281 3558 glauco-virides,
307 3471 424 3537 inferne
445 3471 622 3538 albicantes.
668 3473 782 3538 Planta
803 3473 917 3549 erecta,
950 3471 1073 3538 cautim.
1097 3471 1202 3536 5-15
1226 3472 1300 3548 alta,

21 3598 75 3661 pro
99 3595 190 3644 more
221 3575 312 3643 denae
343 3575 517 3655 ramulosa,
547 3575 667 3659 saepius
690 3575 725 3640 2-
748 3577 781 3640 et
802 3574 965 3657 f-partita.
1009 3573 1134 3640 Rammi
1164 3573 1299 3657 eJusdem

20 3681 166 3748 fasciculi
189 3679 208 3744 3
231 3682 262 3746 et
284 3678 306 3744 4
327 3680 502 3758 breviores,
525 3681 639 3763 partim
661 3678 768 3744 defleri
790 3677 1017 3763 flagellilonmes
1041 3678 1167 3760 laxeque
1188 3677 1299 3744 foliosi.

20 3787 138 3853 Cortex
166 3783 263 3850 caulis
293 3802 309 3849 e
331 3783 446 3867 duplici
468 3785 500 3849 et
522 3783 636 3868 triplici
660 3783 758 3849 strato
780 3782 961 3848 cellularum
983 3781 1136 3848 minorum
1158 3781 1299 3847 efforma-

20 3892 83 3967 tus,
108 3887 165 3954 ille
188 3887 378 3954 ramulorum
400 3906 417 3952 e
438 3886 558 3952 cellulis
579 3885 763 3969 maj0ribus,
793 3887 941 3970 porigeris
970 3885 1021 3951 rix
1043 3907 1062 3953 a
1084 3887 1211 3952 caeteris
1233 3884 1298 3950 dis·

19 3995 142 4058 tinctis.
188 3989 276 4056 Folia
298 3989 418 4055 caulius
440 3990 552 4068 erecta,
576 3989 705 4067 minuta
728 3989 847 4072 oblique
869 3991 995 4069 inserta,
1017 4009 1053 4056 ex
1067 3989 1235 4056 insertione
1250 3990 1298 4054 la·

19 4099 101 4162 tiore
135 4095 245 4169 ovata,
276 4093 361 4176 apice
393 4092 575 4171 rotundatu,
609 4093 658 4158 vel
689 4095 848 4159 truncato·
878 4113 930 4162 seu
958 4095 1064 4160 obtuse
1083 4093 1297 4178 triangularis,

21 4199 192 4267 latitudine
207 4197 291 4264 basis
309 4197 503 4266 altitudinem
525 4199 684 4280 aequante,
706 4198 823 4264 minute
844 4199 1085 4283 appendiculata,
1107 4199 1226 4264 cellulis
1248 4198 1297 4263 iu-

19 4303 188 4372 ferioribua
210 4302 288 4368 laris
311 4321 416 4368 versus
438 4302 606 4386 marginem
638 4301 887 4386 angustioribus,
919 4304 1032 4386 partim
1063 4301 1295 4384 tenui-fibrosis,

19 4406 193 4490 apicalibus
215 4407 375 4474 latioribus
397 4405 518 4472 fibrosis
540 4407 572 4472 et
594 4408 724 4489 perosis,
746 4407 866 4475 cellulis
888 4409 1162 4494 perenchymaticis
1185 4427 1295 4492 peran-

18 4511 137 4596 gustis.
180 4509 267 4578 lfolia
296 4509 485 4576 ramulorum
517 4513 687 4576 erectomm
708 4513 741 4578 et
763 4512 931 4594 patentium
954 4511 1160 4595 quinquefarie
1181 4513 1295 4578 erecto-

18 4614 175 4698 patentia,
197 4615 315 4692 stricta
338 4615 418 4682 sicca
440 4613 550 4698 rigida,
574 4634 608 4680 er
631 4619 722 4683 ovato
744 4616 883 4699 oblonga,
906 4616 994 4683 rude
1008 4633 1138 4682 concaua
1154 4615 1293 4699 margine

18 4721 153 4800 indam,
185 4718 270 4803 apice
297 4719 403 4786 obtuse
431 4719 557 4786 dentato
579 4721 698 4803 saepius
721 4720 891 4800 cucullata;
923 4719 1041 4788 cellulis
1063 4717 1196 4803 hyalinis
1218 4718 1292 4786 latis
