3388 5218
288 347 340 402 LII
840 345 1014 402 Introductis.

288 523 417 606 niveque
440 540 655 606 conspersum,
683 541 849 606 eorumque
871 521 988 586 radices
1010 521 1191 598 umbrosae,
1215 519 1356 587 Corsicae
1379 521 1471 604 atque
1494 518 1567 585 Sar·

285 625 387 691 diniae
419 626 608 703 humidiora,
639 627 755 692 montis
783 627 954 711 Apennini,
986 625 1162 690 Dalmatiae
1194 626 1287 708 atque
1309 625 1436 709 Illyriae
1459 625 1565 708 sylvae

286 749 397 813 opacae
420 730 634 813 convallesque
656 731 807 796 irroratae
829 730 906 796 flora
927 728 1107 812 bryologica
1129 727 1354 810 speciosissima
1373 727 1563 812 superbiunt.

286 832 374 898 Unde
396 833 479 897 haud
501 832 675 896 mirandum
699 833 815 916 species
839 833 955 897 multas
977 832 1010 896 in
1033 849 1109 896 aona
1131 830 1325 896 meridionali
1353 830 1456 916 gigni,
1487 848 1564 913 quas

285 936 405 1002 climati
427 935 526 1020 magis
549 936 783 1019 septentrionali
805 935 945 1019 proprias
967 935 1128 1011 habueris,
1158 935 1189 998 et
1211 953 1271 1000 non
1294 953 1408 1018 paucas
1430 952 1508 1017 quae
1531 932 1564 996 in

284 1037 467 1102 intermedia
491 1039 524 1102 et
546 1037 782 1122 septentrionali
805 1038 889 1103 zonis
912 1040 968 1102 aut
991 1036 1114 1102 omnino
1136 1035 1363 1114 desiderantum,
1386 1037 1441 1101 aut
1463 1036 1564 1100 solum

286 1141 452 1224 sporadice,
476 1160 514 1205 ne
536 1139 636 1206 dicam
660 1140 799 1220 erratice,
822 1139 1026 1224 reperiuntur.

374 1259 495 1344 Species
519 1278 612 1326 zonae
634 1259 828 1327 meridionali
850 1260 1003 1344 propriae:
1032 1259 1191 1324 Pbascum
1215 1259 1421 1326 caruialleum
1443 1259 1475 1322 et
1497 1279 1564 1321 rec·

284 1370 351 1427 lum
366 1359 511 1446 (erratica
525 1363 558 1428 in
573 1383 649 1430 zoua
664 1362 847 1429 intermedia
861 1363 1078 1447 meridionali),
1097 1363 1295 1447 Gyroroeisia
1310 1362 1438 1444 reflexu,
1462 1360 1565 1424 Fissi-

286 1468 362 1531 dens
378 1467 542 1547 riuulorls,
564 1467 751 1547 eerrulolus,
779 1466 930 1532 Trdcbost.
949 1466 1103 1547 barbula,
1116 1465 1257 1549 flexlpes,
1278 1465 1493 1547 flauo-urens,
1516 1465 1566 1524 ἰη-

283 1568 412 1651 flexum,
427 1570 584 1651 mutabile,
599 1571 812 1654 triumphares,
835 1570 1010 1651 Pbilr'berlr',
1033 1571 1264 1653 mouepeliense,
1282 1569 1456 1632 Ceralodon
1472 1568 1563 1631 stric-

285 1679 336 1736 tus
360 1674 391 1738 et
413 1675 574 1755 corsicae,
598 1674 832 1758 Leplotrlcbum
856 1675 1052 1755 eubulaluru,
1075 1675 1306 1758 Leptobarbulu
1328 1674 1449 1754 demea,
1471 1673 1565 1735 merl·

285 1777 433 1857 dlouolr‘a,
458 1777 601 1842 Barbula
630 1778 840 1860 oblorouotas,
872 1777 1124 1861 merabrauifolio
1152 1777 1197 1860 (in
1220 1797 1245 1842 a.
1270 1776 1430 1842 intermed.
1455 1773 1564 1840 merid.

284 1879 468 1964 transfuga),
492 1883 658 1962 revolvens,
681 1883 864 1965 caespitoeo,
887 1902 1064 1966 squarrosa
1086 1881 1131 1964 (in
1155 1901 1180 1946 r.
1196 1880 1319 1944 interm.
1336 1899 1406 1944 rara
1421 1878 1565 1961 sterilis),

285 2004 449 2048 cuuesocus
479 1986 511 2048 et
533 1984 703 2066 morueifole'a
736 1986 846 2068 (etiam
867 1985 971 2050 rarius.
994 1985 1123 2051 intona
1146 1983 1358 2067 intermedia),
1396 1982 1565 2058 l'ablr'aua,

287 2085 460 2150 &eunden
484 2088 641 2167 corsicae,
665 2086 849 2171 Plyolromr'l.
867 2088 1044 2172 pusillum,
1068 2088 1228 2152 Grr'rurnla
1248 2087 1391 2171 stupebis,
1415 2085 1563 2149 Foruario

284 2210 429 2270 convoca,
452 2188 667 2253 Entoslbodon
691 2191 873 2271 curuiselus,
900 2190 1089 2276 Templeloul
1111 2191 1276 2274 (erraticus
1298 2190 1330 2254 in
1346 2189 1493 2255 Hibernia
1508 2187 1566 2254 cli·

284 2293 368 2357 mate
384 2290 454 2356 miti
470 2291 652 2376 gaudente),
691 2292 818 2357 Weberu
845 2295 955 2358 Taceri
978 2296 1010 2359 et
1033 2294 1157 2378 Bryum
1180 2292 1387 2357 Dorrulauum
1410 2292 1456 2374 (in
1479 2291 1566 2376 Ang-

284 2395 345 2460 liae
367 2393 564 2460 calidioribus
586 2395 663 2461 loeis
687 2396 847 2480 erratica),
880 2398 1003 2481 Bryum
1025 2398 1228 2477 caesariense,
1251 2403 1446 2480 larquesceua
1469 2394 1514 2478 (in
1538 2415 1566 2458 a.

285 2497 407 2562 interm.
432 2499 554 2563 certae
585 2498 712 2564 meridie
739 2500 950 2585 transfugae),
979 2500 1194 2585 provinciale,
1224 2500 1412 2564 Burtromia
1443 2500 1566 2578 stricta,

227 2675 229 2680 ,
287 2599 442 2666 Auaeolla
473 2600 606 2682 Webbr'l,
639 2600 838 2666 Philorrolulu
863 2605 969 2688 rigida
997 2604 1105 2686 (etiam
1128 2603 1160 2668 in
1183 2603 1372 2687 Britannia),
1398 2601 1566 2687 Crypbaea

286 2706 318 2769 et
349 2705 512 2788 Leptodou
538 2704 664 2789 (genera
698 2706 805 2772 merid.
828 2707 879 2773 bie
902 2707 967 2773 illio
990 2708 1021 2772 iu
1045 2729 1070 2772 a.
1101 2705 1260 2772 intermed.
1285 2705 1566 2789 transmigrantis),

287 2807 438 2872 Homolio
469 2808 658 2889 lusitanice,
686 2808 849 2874 Fabrouia
874 2812 995 2894 pusilla
1026 2813 1058 2876 et
1081 2810 1244 2894 octoblepb.
1273 2809 1448 2894 (vulgatius.
1478 2809 1510 2872 in
1538 2829 1566 2872 a.

286 2910 411 2988 merid.‚
440 2911 544 2976 rariss.
569 2912 600 2976 in
624 2933 650 2978 z.
669 2911 855 2980 intermedia
877 2915 1017 2999 mend),
1041 2913 1281 2998 Eurlryuclrr'um
1304 2913 1474 2996 strigosum
1498 2930 1565 2976 rar.

287 3015 409 3098 majus,
433 3015 580 3078 simulam
604 3035 667 3082 rar.
691 3018 904 3098 meridionala,
928 3019 1138 3082 circinnatores
1167 3015 1288 3101 (sterile
1311 3015 1343 3080 in
1366 3035 1391 3080 a.
1416 3015 1566 3098 interm),

288 3119 524 3203 Sclcropodiam
540 3119 714 3184 maceda-um
729 3121 921 3204 (plerumque
937 3122 1044 3188 sterile
1059 3121 1091 3186 in
1106 3139 1182 3187 nona
1196 3117 1402 3201 intermedia),
1421 3117 1566 3202 Corrupto-

286 3220 418 3286 abaciam
440 3243 573 3286 aureum
592 3223 650 3288 etc.

373 3341 497 3406 Nemini
519 3342 599 3408 latet
621 3343 738 3409 insulas
761 3345 948 3410 britannicas
971 3344 1140 3426 littoraque
1164 3342 1285 3408 Galliae
1313 3341 1462 3408 atlantica
1484 3343 1567 3408 tem-

285 3442 369 3526 perie
391 3443 515 3511 mitiore
538 3446 679 3530 gaudere,
703 3467 794 3530 quam
818 3451 957 3514 caeterae
979 3447 1119 3530 Europae
1142 3446 1283 3531 regiones
1299 3445 1355 3510 sub
1370 3445 1476 3510 eadem
1492 3445 1567 3510 lati·

285 3545 391 3612 tudine
409 3547 557 3630 jacentes,
580 3570 640 3633 quo
663 3551 700 3615 fit
721 3553 757 3615 ut
778 3570 839 3617 non
862 3552 963 3618 solum
987 3552 1112 3635 plantae
1134 3549 1249 3616 ordinis
1272 3547 1437 3632 superioris
1460 3549 1491 3613 in
1515 3548 1566 3614 bis

285 3650 377 3716 terris
400 3649 542 3735 vigeant,
575 3672 653 3736 quae
675 3653 851 3738 regionibus
874 3653 1070 3720 calidioribus
1098 3651 1238 3737 propriae
1271 3653 1362 3728 sunt,
1394 3650 1566 3716 sedetiam

285 3751 463 3818 Museorunr
486 3755 733 3822 meridionalium
756 3757 867 3836 coloni,
890 3758 926 3821 ut
947 3757 1193 3841 Hedwipidium,
1217 3755 1361 3820 Barbula
1383 3755 1566 3836 curuisolio,

286 3867 473 3937 caelescere,
503 3857 675 3940 Volitana,
707 3862 889 3944 marginata
896 3909 906 3943 ,
938 3860 1297 3945 speramusque,
1323 3858 1564 3923 Ortbodoulr'uur

285 3959 425 4042 procae,
456 3959 584 4024 Webera
611 3961 722 4026 Toaerr'
730 4011 740 4044 ,
765 3964 888 4047 Bryum
918 3971 1129 4048 torqueamus,
1160 3961 1379 4042 Douuiauum,
1409 3960 1565 4025 Dallouia

288 4061 522 4146 splaobaoidea,
551 4063 712 4128 Hookerio
737 4068 949 4147 lacte-uirens,
974 4065 1140 4150 Crypbaeo
1161 4065 1379 4144 lulermuullu,
1403 4065 1565 4149 mprooon

290 4164 425 4246 Smilla,
450 4165 685 4251 Scleropodr'um
709 4169 894 4251 illecebram,
918 4169 1157 4254 Eurbyaolrium
1180 4170 1389 4234 rirrlrruatum
1412 4188 1438 4234 e.
1461 4187 1488 4234 a

371 4285 508 4351 Eandem
541 4288 579 4354 ob
606 4309 746 4368 causam,
779 4291 875 4357 litora
897 4289 1069 4374 Norregiae
1096 4289 1294 4356 occidentalis
1325 4287 1438 4353 fluctus
1468 4288 1568 4352 meri-

284 4389 353 4454 oani
371 4389 460 4456 undis
484 4391 596 4475 tepidis
619 4393 731 4478 rigata,
754 4393 887 4477 undique
909 4394 1020 4478 hyeme
1043 4399 1113 4458 aere
1130 4393 1230 4458 minus
1246 4391 1348 4476 gelido
1368 4391 1566 4466 circumfusa,

283 4509 376 4576 quam
393 4499 494 4558 terrae
509 4496 696 4562 continentis
712 4516 818 4562 versus
834 4497 983 4561 orientem
996 4496 1145 4580 Jacentes,
1169 4494 1285 4558 Muscis
1300 4493 1457 4559 nonnullis
1473 4497 1565 4578 grata

283 4595 373 4676 sunt,
406 4596 458 4679 qni
481 4616 632 4681 nusquam
656 4599 728 4664 alibi
752 4599 784 4664 in
807 4617 882 4664 aona
905 4598 1139 4682 septentrionali
1164 4597 1336 4663 subauctioa
1358 4596 1565 4681 reperiuntur.
