3080 5246
515 397 684 474 ΠΜ
1173 403 1238 472 att

49 577 158 644 Hali.
181 577 221 646 nd
242 578 358 644 terram
381 573 578 662 miratam,
600 574 784 660 praeprimis
805 575 1015 662 animuum,
1038 577 1088 644 uie
1102 577 1169 645 illie
1183 598 1239 663 per

27 699 115 766 opem
137 681 283 748 mediam:
307 680 427 764 eopiosa
449 679 481 746 iu
503 679 665 766 spiratiois
686 680 846 761 montosa,
869 681 1052 766 praeprimis
1067 682 1099 748 in
1115 684 1239 768 regione

27 785 102 850 riors
122 785 239 852 montis
261 779 498 852 &esemona
519 801 613 870 prope
634 783 820 870 Friburguur
842 784 1035 872 Brisgoriae,
1058 787 1133 855 dune
1148 787 1238 854 nmio.

36 889 157 968 Bnrurr,
178 889 256 974 legi;
278 908 371 974 propa
386 888 608 974 Smaepoutnm
623 888 797 976 (Wunder),
812 889 845 956 iu
859 889 1016 976 Hercynis
1031 892 1183 980 (Herse),
1205 891 1238 959 in

27 992 156 1076 rtplralla
176 993 338 1079 (nunes)
360 994 418 1060 eto.

46 1098 156 1164 rme.
178 1106 295 1166 motor.
318 1099 492 1166 audamno.

45 1226 152 1288 Diliert
174 1229 268 1304 primo
291 1229 356 1290 rien
379 1230 418 1290 ab
432 1227 468 1288 Ε.
486 1229 650 1306 prodoopo
672 1227 802 1303 caespite
818 1229 1005 1301 condensato,
1027 1228 1116 1290 ramis
1131 1230 1237 1290 abbre-

27 1311 46 1372 is
68 1316 231 1376 subereetis
253 1315 436 1387 solemniis,
459 1314 538 1376 loliis
561 1315 679 1376 densius
702 1315 852 1388 ooulartis,
875 1316 999 1393 patulis,
1021 1315 1113 1378 dssute
1136 1317 1237 1378 viridi·

44 1403 219 1475 nitentibus,
240 1403 360 1479 capsula
382 1403 500 1463 brevius
523 1402 707 1480 crassiusque
729 1401 916 1479 pedioellata‚
938 1403 1003 1480 ipsu
1025 1405 1166 1466 crassiore
1188 1421 1237 1465 sa·

27 1491 54 1548 te
78 1488 147 1549 rufa
169 1489 215 1551 rel
238 1491 387 1551 castrum.

42 1577 66 1634 Ε
91 1575 226 1652 pluribus
247 1577 320 1638 loeis
342 1578 397 1637 snb
419 1576 536 1638 nomine
557 1575 593 1636 Ε.
616 1575 807 1653 Setinum,
830 1593 864 1638 er
887 1577 954 1637 alils
975 1577 1030 1637 sub
1053 1575 1103 1638 illo
1125 1577 1161 1638 Ε.
1185 1577 1235 1638 ot·

27 1665 79 1722 ioli
101 1665 225 1724 Turres
247 1664 536 1740 ratisponenses
558 1665 644 1724 Baro.
667 1664 776 1739 accepi.

321 1856 367 1916 lt.
398 1856 663 1926 marmonium
684 1857 870 1928 punitum.

288 1979 427 2055 Hypnuur
449 1980 588 2056 pumilum
611 1980 705 2040 Wrns.
726 1979 813 2054 lingl.
834 1979 901 2040 Bot.

37 2107 222 2189 Tenelium,
244 2109 374 2194 implere
396 2110 797 2195 demisso-mespltulosum.
842 2107 948 2177 Caulls
970 2107 1138 2194 pertenuis,
1160 2109 1236 2176 aulo·

27 2215 107 2280 atim
131 2213 317 2294 ramulosas,
340 2213 508 2282 stoloniler.
553 2213 641 2283 Folia
664 2211 967 2294 ovato-lanceolata,
990 2212 1143 2280 remelius
1165 2211 1237 2280 lou·

27 2319 82 2394 ola.
108 2319 240 2398 remoto,
256 2318 339 2387 hund
353 2318 558 2402 decurrentia,
581 2319 790 2400 semioostata
812 2317 930 2386 minuto
945 2317 1107 2396 serrulata
1130 2335 1235 2402 opaea,

27 2421 61 2486 lis
86 2420 281 2489 brevioribus
302 2421 481 2505 priorious,
516 2422 657 2490 siooitote
691 2421 895 2508 suborispata.
940 2419 1074 2506 capsula
1097 2421 1128 2486 in
1150 2419 1235 2506 pedi-

50 2525 250 2594 breriusoulo
271 2527 434 2611 minutula,
456 2527 716 2596 understood
731 2528 874 2615 oblonga,
897 2526 1030 2611 operculi
1047 2526 1150 2593 rostro
1165 2541 1236 2610 per·

27 2631 32 2696 l
73 2631 205 2715 pallido.
250 2631 467 2701 Peristomium
505 2634 734 2718 praecedentis,
771 2633 900 2700 dilutius
936 2631 1235 2719 rulo-ierurglnaum.

27 2735 54 2802 l.
81 2751 153 2802 eur.
177 2731 245 2801 Vol.
270 2735 307 2816 V,
329 2737 405 2804 Tab.
429 2737 491 2804 525
515 2737 774 2825 (Eurhyneleium
791 2739 1002 2826 proedonpom
1023 2755 1088 2805 var.
1111 2739 1157 2818 β).

27 2877 112 2920 num
130 2856 293 2940 mendum
314 2857 414 2925 wrm.
437 2857 530 2945 Eugl.
553 2860 624 2927 Bot.
648 2859 741 2944 Supp.
763 2862 789 2927 t.
813 2859 910 2940 2942,
933 2861 965 2926 et
987 2859 1092 2944 Brpol·
1114 2859 1194 2925 Brit.

27 2979 111 3024 rrum
135 2957 287 3026 Sroartffl
308 2968 329 3043 β
350 2963 457 3030 minus
478 2964 579 3030 Tuan.
601 2963 699 3031 Maso.
722 2963 850 3032 Hibero.

27 3083 112 3128 num
130 3065 344 3152 praecoepere
375 3085 439 3135 rar.
468 3069 726 3155 pallidirostrrem
748 3070 806 3137 Aa.
830 3070 942 3135 Baaun
963 3067 995 3133 in
1017 3065 1108 3133 nnn.
1131 3064 1237 3152 Bryol.

62 3185 151 3233 umr.

27 3291 113 3336 num
130 3269 391 3358 portunensem
413 3273 447 3342 G.
469 3273 605 3342 nourr
626 3275 754 3362 synope.

27 3376 203 3462 syncerum
219 3379 431 3466 proetoupom
452 3381 651 3467 dpumilrom
672 3382 731 3449 Be.
755 3383 787 3448 et
810 3369 883 3448 Sors.
906 3377 1010 3464 Bryol.
1034 3398 1097 3445 eur.

27 3480 203 3568 tyrocinium
220 3483 380 3570 pussilum
401 3481 473 3552 uon.
497 3483 611 3554 coron.

33 3601 157 3670 Habit.
179 3602 221 3669 ad
241 3623 314 3672 sara
337 3605 477 3674 arenaria
498 3603 531 3673 et
552 3605 591 3674 ad
614 3621 744 3692 aggeres
766 3605 920 3692 lapidosos
936 3605 1106 3684 umbrosos,
1128 3603 1160 3670 lu
1182 3603 1239 3672 du-

27 3705 80 3772 sis
107 3705 148 3772 ad
171 3707 304 3774 tenum:
327 3707 360 3774 in
375 3705 524 3776 Hibernia
538 3709 764 3795 (Tauranus),
786 3707 819 3774 in
834 3705 978 3793 lapicidio
992 3707 1132 3775 arenario
1146 3726 1240 3794 prope

27 3813 175 3894 senpeon
198 3809 349 3896 duglas,
372 3811 425 3880 ubi
446 3813 536 3882 amic.
561 3813 692 3880 Wuson
719 3813 837 3897 primus
858 3811 1001 3880 distinxit
1022 3815 1055 3879 et
1077 3811 1141 3897 ipse
1163 3811 1240 3879 duee

27 3921 115 3982 tore
137 3915 267 4000 pulchre
281 3915 355 4004 legi,
379 3918 411 3986 iu
425 3919 617 3987 Normaunia
631 3938 725 4004 prope
746 3917 820 3984 Viro
834 3915 995 4002 (Parrus),
1018 3933 1111 4002 prope
1127 3915 1237 3982 cero-

44 4021 127 4104 (Au
144 4015 282 4108 umus),
304 4023 448 4106 nuperius
470 4023 566 4092 etiarn
588 4023 620 4089 iu
643 4041 712 4092 aree
733 4022 863 4106 antiqua
884 4020 1122 4108 sylvas-nigrae
1144 4017 1238 4084 Dur·

54 4123 150 4190 diota
182 4125 216 4191 et
248 4124 277 4190 in
309 4145 379 4194 aros
401 4125 645 4212 heidelbergensi
674 4125 794 4212 eopiosa
816 4125 931 4212 reperit
963 4123 994 4190 in
1016 4119 1137 4210 V080⁸⁰
1159 4125 1236 4208 (ml
1380 4185 1392 4210 0

27 4229 116 4310 nr),
148 4227 180 4294 in
212 4229 283 4297 tota
307 4229 432 4316 ragione
453 4231 609 4310 rhenano,
643 4231 675 4297 iu
698 4229 893 4316 Westplralia
915 4230 973 4296 eto.
1018 4225 1182 4310 Sporadioe
1204 4227 1237 4292 iu

27 4353 40 4400 ³
71 4350 173 4418 9¹⁰1*
195 4329 386 4402 Florentiam
409 4334 585 4423 (onerer),
615 4335 647 4402 in
670 4334 759 4421 sylva
784 4334 890 4402 Dorio
913 4350 1006 4417 prope
1029 4329 1119 4416 Pepli
1140 4329 1236 4416 Lign-

27 4438 103 4522 (Dr
126 4435 292 4526 Nornnrs).

27 4539 157 4610 Μ.
178 4547 297 4608 mter.
321 4560 402 4610 rere

27 4670 56 4732 Ε
88 4667 219 4729 minimis
240 4671 377 4746 generis,
409 4671 612 4748 magnitudine
634 4675 665 4733 et
686 4672 790 4734 lubitu
813 4669 938 4732 ueniam
960 4667 1043 4729 tenet
1064 4663 1142 4726 lutor
1163 4663 1235 4724 Am·

47 4773 181 4833 serpen
203 4757 234 4816 et
256 4755 350 4818 Iliorlr.
377 4757 531 4820 umato
972 4848 1027 4904 w
