<?xml version="1.0" encoding="UTF-8"?>
<!DOCTYPE html PUBLIC "-//W3C//DTD XHTML 1.0 Transitional//EN"
    "http://www.w3.org/TR/xhtml1/DTD/xhtml1-transitional.dtd">
<html xmlns="http://www.w3.org/1999/xhtml" xml:lang="en" lang="en">
 <head>
  <title>
</title>
<meta http-equiv="Content-Type" content="text/html;charset=utf-8" />
  <meta name='ocr-system' content='tesseract 3.04.00' />
  <meta name='ocr-capabilities' content='ocr_page ocr_carea ocr_par ocr_line ocrx_word'/>
</head>
<body>
  <div class='ocr_page' id='page_1' title='image "./synopsismuscoru00schigoog_1007.png"; bbox 0 0 3182 5252; ppageno 0'>
   <div class='ocr_carea' id='block_1_1' title="bbox 553 340 1323 417">
    <p class='ocr_par' dir='ltr' id='par_1_1' title="bbox 553 340 1323 417">
     <span class='ocr_line' id='line_1_1' title="bbox 553 340 1323 417; baseline -0.005 -1"><span class='ocrx_word' id='word_1_1' title='bbox 553 340 748 417; x_wconf 59' lang='lat' dir='ltr'>Sllhflltfflffl</span> <span class='ocrx_word' id='word_1_2' title='bbox 1216 348 1279 416; x_wconf 76' lang='lat'>845</span> <span class='ocrx_word' id='word_1_3' title='bbox 1307 371 1323 411; x_wconf 79' lang='lat' dir='ltr'>e</span> 
     </span>
    </p>
   </div>
   <div class='ocr_carea' id='block_1_2' title="bbox 13 526 1286 780">
    <p class='ocr_par' dir='ltr' id='par_1_2' title="bbox 13 526 1286 780">
     <span class='ocr_line' id='line_1_2' title="bbox 102 526 1286 608; baseline 0 -18"><span class='ocrx_word' id='word_1_4' title='bbox 102 529 210 590; x_wconf 80' lang='lat' dir='ltr'>Differt</span> <span class='ocrx_word' id='word_1_5' title='bbox 232 549 249 590; x_wconf 90' lang='lat' dir='ltr'>a</span> <span class='ocrx_word' id='word_1_6' title='bbox 271 529 341 608; x_wconf 78' lang='lat' dir='ltr'>spu.</span> <span class='ocrx_word' id='word_1_7' title='bbox 363 529 538 589; x_wconf 68' lang='lat' dir='ltr'>subsecundo</span> <span class='ocrx_word' id='word_1_8' title='bbox 560 529 638 590; x_wconf 81' lang='lat' dir='ltr'>loliis</span> <span class='ocrx_word' id='word_1_9' title='bbox 660 529 782 590; x_wconf 83' lang='lat' dir='ltr'><strong>caulinis</strong></span> <span class='ocrx_word' id='word_1_10' title='bbox 804 530 895 590; x_wconf 90' lang='lat' dir='ltr'>multo</span> <span class='ocrx_word' id='word_1_11' title='bbox 917 526 1083 605; x_wconf 86' lang='lat' dir='ltr'>majoribus,</span> <span class='ocrx_word' id='word_1_12' title='bbox 1105 533 1169 592; x_wconf 83' lang='lat' dir='ltr'>basi</span> <span class='ocrx_word' id='word_1_13' title='bbox 1192 533 1286 607; x_wconf 88' lang='lat' dir='ltr'>stipu-</span> 
     </span>
     <span class='ocr_line' id='line_1_3' title="bbox 14 616 1285 693; baseline 0.002 -17"><span class='ocrx_word' id='word_1_14' title='bbox 14 616 58 676; x_wconf 91' lang='lat' dir='ltr'>las</span> <span class='ocrx_word' id='word_1_15' title='bbox 81 617 246 678; x_wconf 79' lang='lat' dir='ltr'>ferentibus</span> <span class='ocrx_word' id='word_1_16' title='bbox 268 619 407 678; x_wconf 82' lang='lat' dir='ltr'>maximas</span> <span class='ocrx_word' id='word_1_17' title='bbox 430 636 445 676; x_wconf 90' lang='lat' dir='ltr'>e</span> <span class='ocrx_word' id='word_1_18' title='bbox 468 617 578 678; x_wconf 89' lang='lat' dir='ltr'>cellulis</span> <span class='ocrx_word' id='word_1_19' title='bbox 600 618 716 693; x_wconf 87' lang='lat' dir='ltr'>magnis</span> <span class='ocrx_word' id='word_1_20' title='bbox 742 617 876 676; x_wconf 82' lang='lat' dir='ltr'>flexuosis</span> <span class='ocrx_word' id='word_1_21' title='bbox 899 619 1053 678; x_wconf 90' lang='lat' dir='ltr'>secundnm</span> <span class='ocrx_word' id='word_1_22' title='bbox 1077 619 1166 678; x_wconf 87' lang='lat' dir='ltr'>llbras</span> <span class='ocrx_word' id='word_1_23' title='bbox 1189 621 1285 679; x_wconf 87' lang='lat' dir='ltr'>stran-</span> 
     </span>
     <span class='ocr_line' id='line_1_4' title="bbox 13 705 583 780; baseline -0.002 -17"><span class='ocrx_word' id='word_1_24' title='bbox 13 705 127 780; x_wconf 87' lang='lat' dir='ltr'>gulatis</span> <span class='ocrx_word' id='word_1_25' title='bbox 151 705 258 780; x_wconf 88' lang='lat' dir='ltr'>partim</span> <span class='ocrx_word' id='word_1_26' title='bbox 278 705 378 766; x_wconf 89' lang='lat' dir='ltr'>liberis</span> <span class='ocrx_word' id='word_1_27' title='bbox 400 705 583 779; x_wconf 89' lang='lat' dir='ltr'>compositas.</span> 
     </span>
    </p>
   </div>
   <div class='ocr_carea' id='block_1_3' title="bbox 13 809 1286 1062">
    <p class='ocr_par' dir='ltr' id='par_1_3' title="bbox 13 809 1286 1062">
     <span class='ocr_line' id='line_1_5' title="bbox 100 809 1286 882; baseline 0 -12"><span class='ocrx_word' id='word_1_28' title='bbox 100 813 215 872; x_wconf 82' lang='lat' dir='ltr'>Forsan</span> <span class='ocrx_word' id='word_1_29' title='bbox 237 811 278 870; x_wconf 91' lang='lat' dir='ltr'>nil</span> <span class='ocrx_word' id='word_1_30' title='bbox 294 811 349 869; x_wconf 91' lang='lat' dir='ltr'>nisi</span> <span class='ocrx_word' id='word_1_31' title='bbox 366 810 457 869; x_wconf 79' lang='lat' dir='ltr'>forma</span> <span class='ocrx_word' id='word_1_32' title='bbox 473 810 520 869; x_wconf 80' lang='lat' dir='ltr'>rel</span> <span class='ocrx_word' id='word_1_33' title='bbox 535 809 662 868; x_wconf 83' lang='lat' dir='ltr'>varietas</span> <span class='ocrx_word' id='word_1_34' title='bbox 678 809 783 882; x_wconf 88' lang='lat' dir='ltr'>speciei</span> <span class='ocrx_word' id='word_1_35' title='bbox 799 810 1008 882; x_wconf 89' lang='lat' dir='ltr'>praecedentis,</span> <span class='ocrx_word' id='word_1_36' title='bbox 1023 811 1196 870; x_wconf 85' lang='lat' dir='ltr'>intermedia</span> <span class='ocrx_word' id='word_1_37' title='bbox 1210 812 1286 871; x_wconf 88' lang='lat' dir='ltr'>inter</span> 
     </span>
     <span class='ocr_line' id='line_1_6' title="bbox 14 897 1285 974; baseline 0.003 -20"><span class='ocrx_word' id='word_1_38' title='bbox 14 897 140 958; x_wconf 88' lang='lat' dir='ltr'>sunnam</span> <span class='ocrx_word' id='word_1_39' title='bbox 165 898 293 972; x_wconf 81' lang='lat' dir='ltr'>typicam</span> <span class='ocrx_word' id='word_1_40' title='bbox 316 900 345 957; x_wconf 92' lang='lat' dir='ltr'>et</span> <span class='ocrx_word' id='word_1_41' title='bbox 368 915 429 957; x_wconf 81' lang='lat' dir='ltr'>var.</span> <span class='ocrx_word' id='word_1_42' title='bbox 451 897 480 969; x_wconf 85' lang='grc' dir='ltr'>β.</span> <span class='ocrx_word' id='word_1_43' title='bbox 525 897 697 971; x_wconf 80' lang='lat' dir='ltr'>Magnitudo</span> <span class='ocrx_word' id='word_1_44' title='bbox 725 897 897 970; x_wconf 87' lang='lat' dir='ltr'>stipularum</span> <span class='ocrx_word' id='word_1_45' title='bbox 929 897 959 956; x_wconf 92' lang='lat' dir='ltr'>in</span> <span class='ocrx_word' id='word_1_46' title='bbox 982 899 1103 957; x_wconf 88' lang='lat' dir='ltr'>diversis</span> <span class='ocrx_word' id='word_1_47' title='bbox 1126 898 1285 974; x_wconf 78' lang='lat' dir='ltr'>speciebus,</span> 
     </span>
     <span class='ocr_line' id='line_1_7' title="bbox 13 983 978 1062; baseline 0 -20"><span class='ocrx_word' id='word_1_48' title='bbox 13 988 173 1062; x_wconf 90' lang='lat' dir='ltr'>praecipue</span> <span class='ocrx_word' id='word_1_49' title='bbox 194 987 224 1045; x_wconf 95' lang='lat' dir='ltr'>in</span> <span class='ocrx_word' id='word_1_50' title='bbox 247 985 317 1062; x_wconf 79' lang='lat' dir='ltr'>Spt.</span> <span class='ocrx_word' id='word_1_51' title='bbox 338 985 524 1060; x_wconf 78' lang='lat' dir='ltr'>subsecundo,</span> <span class='ocrx_word' id='word_1_52' title='bbox 548 984 632 1043; x_wconf 81' lang='lat' dir='ltr'>ualde</span> <span class='ocrx_word' id='word_1_53' title='bbox 655 983 804 1042; x_wconf 81' lang='lat' dir='ltr'>variabilis</span> <span class='ocrx_word' id='word_1_54' title='bbox 826 985 978 1058; x_wconf 88' lang='lat' dir='ltr'>reperitur.</span> 
     </span>
    </p>
   </div>
   <div class='ocr_carea' id='block_1_4' title="bbox 406 1210 894 1393">
    <p class='ocr_par' dir='ltr' id='par_1_4' title="bbox 406 1210 894 1393">
     <span class='ocr_line' id='line_1_8' title="bbox 406 1210 894 1280; baseline -0.002 -12"><span class='ocrx_word' id='word_1_55' title='bbox 406 1213 452 1268; x_wconf 79' lang='lat'>17.</span> <span class='ocrx_word' id='word_1_56' title='bbox 483 1211 680 1280; x_wconf 76' lang='lat' dir='ltr'>sphagnum</span> <span class='ocrx_word' id='word_1_57' title='bbox 702 1210 894 1267; x_wconf 74' lang='lat' dir='ltr'>lanicinium.</span> 
     </span>
     <span class='ocr_line' id='line_1_9' title="bbox 522 1334 781 1393; baseline -0.004 0"><span class='ocrx_word' id='word_1_58' title='bbox 522 1335 556 1392; x_wconf 85' lang='lat' dir='ltr'>R.</span> <span class='ocrx_word' id='word_1_59' title='bbox 579 1336 691 1393; x_wconf 82' lang='lat' dir='ltr'>Sesucn</span> <span class='ocrx_word' id='word_1_60' title='bbox 714 1334 781 1392; x_wconf 91' lang='lat' dir='ltr'>mst.</span> 
     </span>
    </p>
   </div>
   <div class='ocr_carea' id='block_1_5' title="bbox 11 1453 1287 3839">
    <p class='ocr_par' dir='ltr' id='par_1_5' title="bbox 11 1453 1287 3839">
     <span class='ocr_line' id='line_1_10' title="bbox 98 1453 1286 1548; baseline 0.003 -22"><span class='ocrx_word' id='word_1_61' title='bbox 98 1461 253 1528; x_wconf 90' lang='lat' dir='ltr'>Dioicum.</span> <span class='ocrx_word' id='word_1_62' title='bbox 297 1453 412 1529; x_wconf 74' lang='lat' dir='ltr'>Planta</span> <span class='ocrx_word' id='word_1_63' title='bbox 434 1481 574 1546; x_wconf 87' lang='lat' dir='ltr'>procera,</span> <span class='ocrx_word' id='word_1_64' title='bbox 605 1463 712 1529; x_wconf 82' lang='lat' dir='ltr'>habitu</span> <span class='ocrx_word' id='word_1_65' title='bbox 734 1465 767 1529; x_wconf 93' lang='lat' dir='ltr'>et</span> <span class='ocrx_word' id='word_1_66' title='bbox 789 1463 1000 1548; x_wconf 74' lang='lat' dir='ltr'>magnitudine</span> <span class='ocrx_word' id='word_1_67' title='bbox 1021 1465 1153 1530; x_wconf 90' lang='lat' dir='ltr'>medium</span> <span class='ocrx_word' id='word_1_68' title='bbox 1177 1467 1286 1530; x_wconf 89' lang='lat' dir='ltr'>teneus</span> 
     </span>
     <span class='ocr_line' id='line_1_11' title="bbox 12 1564 1286 1653; baseline 0.005 -24"><span class='ocrx_word' id='word_1_69' title='bbox 12 1564 92 1630; x_wconf 90' lang='lat' dir='ltr'>inter</span> <span class='ocrx_word' id='word_1_70' title='bbox 118 1566 306 1652; x_wconf 72' lang='lat' dir='ltr'>Sptopnm</span> <span class='ocrx_word' id='word_1_71' title='bbox 335 1589 499 1632; x_wconf 76' lang='lat' dir='ltr'>recuruum</span> <span class='ocrx_word' id='word_1_72' title='bbox 521 1570 553 1633; x_wconf 89' lang='lat' dir='ltr'>et</span> <span class='ocrx_word' id='word_1_73' title='bbox 574 1567 690 1653; x_wconf 75' lang='lat' dir='ltr'>Sptop.</span> <span class='ocrx_word' id='word_1_74' title='bbox 714 1568 957 1649; x_wconf 74' lang='lat' dir='ltr'>subnectendum,</span> <span class='ocrx_word' id='word_1_75' title='bbox 986 1566 1033 1631; x_wconf 93' lang='lat' dir='ltr'>illi</span> <span class='ocrx_word' id='word_1_76' title='bbox 1054 1568 1153 1652; x_wconf 84' lang='lat' dir='ltr'>magis</span> <span class='ocrx_word' id='word_1_77' title='bbox 1176 1569 1286 1646; x_wconf 80' lang='lat' dir='ltr'>simile,</span> 
     </span>
     <span class='ocr_line' id='line_1_12' title="bbox 12 1670 1286 1756; baseline 0.005 -24"><span class='ocrx_word' id='word_1_78' title='bbox 12 1670 174 1752; x_wconf 89' lang='lat' dir='ltr'>praecipue</span> <span class='ocrx_word' id='word_1_79' title='bbox 196 1671 295 1753; x_wconf 90' lang='lat' dir='ltr'>quoad</span> <span class='ocrx_word' id='word_1_80' title='bbox 317 1673 559 1756; x_wconf 85' lang='lat' dir='ltr'>magnitudinem</span> <span class='ocrx_word' id='word_1_81' title='bbox 580 1674 613 1736; x_wconf 91' lang='lat' dir='ltr'>et</span> <span class='ocrx_word' id='word_1_82' title='bbox 634 1673 766 1738; x_wconf 89' lang='lat' dir='ltr'>colorem</span> <span class='ocrx_word' id='word_1_83' title='bbox 788 1671 899 1754; x_wconf 80' lang='lat' dir='ltr'>pallide</span> <span class='ocrx_word' id='word_1_84' title='bbox 930 1671 1059 1737; x_wconf 87' lang='lat' dir='ltr'>viridem</span> <span class='ocrx_word' id='word_1_85' title='bbox 1086 1673 1286 1741; x_wconf 79' lang='lat' dir='ltr'>exsiccatione</span> 
     </span>
     <span class='ocr_line' id='line_1_13' title="bbox 12 1773 1286 1858; baseline 0.005 -22"><span class='ocrx_word' id='word_1_86' title='bbox 12 1773 125 1854; x_wconf 90' lang='lat' dir='ltr'>pallide</span> <span class='ocrx_word' id='word_1_87' title='bbox 150 1774 360 1840; x_wconf 84' lang='lat' dir='ltr'>lutescantem.</span> <span class='ocrx_word' id='word_1_88' title='bbox 406 1774 511 1841; x_wconf 71' lang='lat' dir='ltr'>(taulis</span> <span class='ocrx_word' id='word_1_89' title='bbox 533 1775 611 1840; x_wconf 90' lang='lat' dir='ltr'>satis</span> <span class='ocrx_word' id='word_1_90' title='bbox 633 1776 791 1854; x_wconf 88' lang='lat' dir='ltr'>robustus,</span> <span class='ocrx_word' id='word_1_91' title='bbox 815 1774 939 1854; x_wconf 87' lang='lat' dir='ltr'>solidus,</span> <span class='ocrx_word' id='word_1_92' title='bbox 962 1775 1170 1858; x_wconf 89' lang='lat' dir='ltr'>integumento</span> <span class='ocrx_word' id='word_1_93' title='bbox 1192 1779 1286 1843; x_wconf 91' lang='lat' dir='ltr'>corti·</span> 
     </span>
     <span class='ocr_line' id='line_1_14' title="bbox 11 1877 1286 1962; baseline 0.005 -21"><span class='ocrx_word' id='word_1_94' title='bbox 11 1877 70 1942; x_wconf 90' lang='lat' dir='ltr'>cali</span> <span class='ocrx_word' id='word_1_95' title='bbox 91 1878 274 1958; x_wconf 81' lang='lat' dir='ltr'>laxiuseulo,</span> <span class='ocrx_word' id='word_1_96' title='bbox 297 1898 314 1945; x_wconf 92' lang='lat' dir='ltr'>e</span> <span class='ocrx_word' id='word_1_97' title='bbox 336 1881 442 1945; x_wconf 87' lang='lat' dir='ltr'>stratis</span> <span class='ocrx_word' id='word_1_98' title='bbox 465 1880 643 1946; x_wconf 83' lang='lat' dir='ltr'>cellularum</span> <span class='ocrx_word' id='word_1_99' title='bbox 665 1881 781 1945; x_wconf 88' lang='lat' dir='ltr'>duobus</span> <span class='ocrx_word' id='word_1_100' title='bbox 806 1879 854 1945; x_wconf 89' lang='lat' dir='ltr'>vel</span> <span class='ocrx_word' id='word_1_101' title='bbox 876 1878 976 1945; x_wconf 86' lang='lat' dir='ltr'>tribus</span> <span class='ocrx_word' id='word_1_102' title='bbox 991 1880 1171 1962; x_wconf 88' lang='lat' dir='ltr'>composito,</span> <span class='ocrx_word' id='word_1_103' title='bbox 1193 1882 1286 1947; x_wconf 86' lang='lat' dir='ltr'>cellu-</span> 
     </span>
     <span class='ocr_line' id='line_1_15' title="bbox 11 1981 1286 2069; baseline 0.006 -25"><span class='ocrx_word' id='word_1_104' title='bbox 11 1981 49 2046; x_wconf 90' lang='lat' dir='ltr'>lis</span> <span class='ocrx_word' id='word_1_105' title='bbox 72 1985 282 2069; x_wconf 84' lang='lat' dir='ltr'>rectangulis‚</span> <span class='ocrx_word' id='word_1_106' title='bbox 316 2005 422 2069; x_wconf 87' lang='lat' dir='ltr'>pamm</span> <span class='ocrx_word' id='word_1_107' title='bbox 451 1985 569 2068; x_wconf 90' lang='lat' dir='ltr'>longis,</span> <span class='ocrx_word' id='word_1_108' title='bbox 603 2003 657 2050; x_wconf 89' lang='lat' dir='ltr'>nec</span> <span class='ocrx_word' id='word_1_109' title='bbox 678 1983 816 2062; x_wconf 90' lang='lat' dir='ltr'>fibrosis,</span> <span class='ocrx_word' id='word_1_110' title='bbox 848 2003 901 2050; x_wconf 90' lang='lat' dir='ltr'>uec</span> <span class='ocrx_word' id='word_1_111' title='bbox 923 1985 1051 2066; x_wconf 87' lang='lat' dir='ltr'>perosis.</span> <span class='ocrx_word' id='word_1_112' title='bbox 1096 1983 1199 2051; x_wconf 86' lang='lat' dir='ltr'>Caulis</span> <span class='ocrx_word' id='word_1_113' title='bbox 1221 1987 1286 2068; x_wconf 89' lang='lat' dir='ltr'>ipse</span> 
     </span>
     <span class='ocr_line' id='line_1_16' title="bbox 11 2085 1286 2172; baseline 0.005 -23"><span class='ocrx_word' id='word_1_114' title='bbox 11 2085 249 2166; x_wconf 72' lang='lat' dir='ltr'>demetamus,</span> <span class='ocrx_word' id='word_1_115' title='bbox 282 2087 418 2171; x_wconf 82' lang='lat' dir='ltr'>cylindro</span> <span class='ocrx_word' id='word_1_116' title='bbox 450 2089 592 2154; x_wconf 82' lang='lat' dir='ltr'>exteriori</span> <span class='ocrx_word' id='word_1_117' title='bbox 623 2089 689 2154; x_wconf 89' lang='lat' dir='ltr'>rufo</span> <span class='ocrx_word' id='word_1_118' title='bbox 724 2088 832 2153; x_wconf 90' lang='lat' dir='ltr'>solido.</span> <span class='ocrx_word' id='word_1_119' title='bbox 878 2087 964 2153; x_wconf 77' lang='lat' dir='ltr'>Folia</span> <span class='ocrx_word' id='word_1_120' title='bbox 985 2089 1105 2154; x_wconf 89' lang='lat' dir='ltr'>caulina</span> <span class='ocrx_word' id='word_1_121' title='bbox 1127 2109 1181 2172; x_wconf 93' lang='lat' dir='ltr'>pro</span> <span class='ocrx_word' id='word_1_122' title='bbox 1204 2109 1286 2156; x_wconf 90' lang='lat' dir='ltr'>more</span> 
     </span>
     <span class='ocr_line' id='line_1_17' title="bbox 12 2189 1285 2276; baseline 0.004 -22"><span class='ocrx_word' id='word_1_123' title='bbox 12 2189 133 2269; x_wconf 85' lang='lat' dir='ltr'>reflexa,</span> <span class='ocrx_word' id='word_1_124' title='bbox 158 2191 223 2257; x_wconf 83' lang='lat' dir='ltr'>late</span> <span class='ocrx_word' id='word_1_125' title='bbox 244 2192 491 2276; x_wconf 81' lang='lat' dir='ltr'>ovato-oblonga,</span> <span class='ocrx_word' id='word_1_126' title='bbox 515 2211 655 2270; x_wconf 83' lang='lat' dir='ltr'>concava,</span> <span class='ocrx_word' id='word_1_127' title='bbox 680 2211 805 2275; x_wconf 89' lang='lat' dir='ltr'>superne</span> <span class='ocrx_word' id='word_1_128' title='bbox 829 2191 940 2256; x_wconf 88' lang='lat' dir='ltr'>leniter</span> <span class='ocrx_word' id='word_1_129' title='bbox 961 2194 1136 2276; x_wconf 83' lang='lat' dir='ltr'>angustata,</span> <span class='ocrx_word' id='word_1_130' title='bbox 1159 2195 1285 2274; x_wconf 78' lang='lat' dir='ltr'>nautica,</span> 
     </span>
     <span class='ocr_line' id='line_1_18' title="bbox 12 2295 1286 2380; baseline 0.003 -22"><span class='ocrx_word' id='word_1_131' title='bbox 12 2295 134 2377; x_wconf 90' lang='lat' dir='ltr'>stipulis</span> <span class='ocrx_word' id='word_1_132' title='bbox 159 2295 270 2378; x_wconf 86' lang='lat' dir='ltr'>parvis,</span> <span class='ocrx_word' id='word_1_133' title='bbox 293 2296 412 2361; x_wconf 86' lang='lat' dir='ltr'>cellulis</span> <span class='ocrx_word' id='word_1_134' title='bbox 434 2296 623 2380; x_wconf 88' lang='lat' dir='ltr'>longissimis</span> <span class='ocrx_word' id='word_1_135' title='bbox 645 2296 874 2378; x_wconf 87' lang='lat' dir='ltr'>angustissimis</span> <span class='ocrx_word' id='word_1_136' title='bbox 897 2297 1027 2380; x_wconf 87' lang='lat' dir='ltr'>anguste</span> <span class='ocrx_word' id='word_1_137' title='bbox 1055 2296 1193 2372; x_wconf 83' lang='lat' dir='ltr'>limbata,</span> <span class='ocrx_word' id='word_1_138' title='bbox 1217 2317 1286 2363; x_wconf 89' lang='lat' dir='ltr'>cae·</span> 
     </span>
     <span class='ocr_line' id='line_1_19' title="bbox 14 2397 1284 2485; baseline 0.005 -25"><span class='ocrx_word' id='word_1_139' title='bbox 14 2399 111 2462; x_wconf 90' lang='lat' dir='ltr'>terum</span> <span class='ocrx_word' id='word_1_140' title='bbox 136 2417 155 2463; x_wconf 90' lang='lat' dir='ltr'>e</span> <span class='ocrx_word' id='word_1_141' title='bbox 176 2397 297 2464; x_wconf 87' lang='lat' dir='ltr'>cellulis</span> <span class='ocrx_word' id='word_1_142' title='bbox 319 2399 486 2481; x_wconf 87' lang='lat' dir='ltr'>dimorphis</span> <span class='ocrx_word' id='word_1_143' title='bbox 500 2399 679 2481; x_wconf 87' lang='lat' dir='ltr'>composita,</span> <span class='ocrx_word' id='word_1_144' title='bbox 702 2398 834 2482; x_wconf 88' lang='lat' dir='ltr'>hyalinis</span> <span class='ocrx_word' id='word_1_145' title='bbox 849 2399 967 2464; x_wconf 92' lang='lat' dir='ltr'>dimidii</span> <span class='ocrx_word' id='word_1_146' title='bbox 983 2399 1178 2466; x_wconf 81' lang='lat' dir='ltr'>inferioribus</span> <span class='ocrx_word' id='word_1_147' title='bbox 1194 2420 1284 2485; x_wconf 88' lang='lat' dir='ltr'>mag-</span> 
     </span>
     <span class='ocr_line' id='line_1_20' title="bbox 14 2499 1286 2586; baseline 0.004 -23"><span class='ocrx_word' id='word_1_148' title='bbox 14 2499 68 2578; x_wconf 83' lang='lat' dir='ltr'>nis,</span> <span class='ocrx_word' id='word_1_149' title='bbox 91 2503 185 2584; x_wconf 88' lang='lat' dir='ltr'>parte</span> <span class='ocrx_word' id='word_1_150' title='bbox 207 2502 359 2583; x_wconf 88' lang='lat' dir='ltr'>superiore</span> <span class='ocrx_word' id='word_1_151' title='bbox 381 2501 527 2582; x_wconf 91' lang='lat' dir='ltr'>efibrosis,</span> <span class='ocrx_word' id='word_1_152' title='bbox 550 2503 589 2567; x_wconf 90' lang='lat' dir='ltr'>ad</span> <span class='ocrx_word' id='word_1_153' title='bbox 611 2502 699 2568; x_wconf 86' lang='lat' dir='ltr'>basin</span> <span class='ocrx_word' id='word_1_154' title='bbox 715 2502 892 2568; x_wconf 87' lang='lat' dir='ltr'>tenuissime</span> <span class='ocrx_word' id='word_1_155' title='bbox 906 2503 1036 2581; x_wconf 76' lang='lat' dir='ltr'>limosis,</span> <span class='ocrx_word' id='word_1_156' title='bbox 1060 2504 1196 2586; x_wconf 89' lang='lat' dir='ltr'>utrisque</span> <span class='ocrx_word' id='word_1_157' title='bbox 1211 2522 1286 2586; x_wconf 92' lang='lat' dir='ltr'>apo-</span> 
     </span>
     <span class='ocr_line' id='line_1_21' title="bbox 14 2605 1285 2690; baseline 0.005 -22"><span class='ocrx_word' id='word_1_158' title='bbox 14 2607 106 2686; x_wconf 88' lang='lat' dir='ltr'>rosis‚</span> <span class='ocrx_word' id='word_1_159' title='bbox 143 2605 263 2671; x_wconf 91' lang='lat' dir='ltr'>dimidii</span> <span class='ocrx_word' id='word_1_160' title='bbox 295 2607 459 2687; x_wconf 87' lang='lat' dir='ltr'>superioris</span> <span class='ocrx_word' id='word_1_161' title='bbox 481 2607 650 2672; x_wconf 87' lang='lat' dir='ltr'>minoribus</span> <span class='ocrx_word' id='word_1_162' title='bbox 673 2607 722 2672; x_wconf 89' lang='lat' dir='ltr'>sat</span> <span class='ocrx_word' id='word_1_163' title='bbox 743 2608 835 2672; x_wconf 89' lang='lat' dir='ltr'>dense</span> <span class='ocrx_word' id='word_1_164' title='bbox 857 2607 997 2686; x_wconf 87' lang='lat' dir='ltr'>fibrosis‚</span> <span class='ocrx_word' id='word_1_165' title='bbox 1032 2607 1114 2690; x_wconf 91' lang='lat' dir='ltr'>poris</span> <span class='ocrx_word' id='word_1_166' title='bbox 1148 2609 1285 2687; x_wconf 83' lang='lat' dir='ltr'>minutis,</span> 
     </span>
     <span class='ocr_line' id='line_1_22' title="bbox 15 2709 1286 2794; baseline 0.001 -19"><span class='ocrx_word' id='word_1_167' title='bbox 15 2711 126 2790; x_wconf 87' lang='lat' dir='ltr'>paucis.</span> <span class='ocrx_word' id='word_1_168' title='bbox 174 2709 298 2776; x_wconf 83' lang='lat' dir='ltr'>Remuli</span> <span class='ocrx_word' id='word_1_169' title='bbox 320 2712 435 2793; x_wconf 88' lang='lat' dir='ltr'>partim</span> <span class='ocrx_word' id='word_1_170' title='bbox 457 2711 512 2776; x_wconf 85' lang='lat' dir='ltr'>sub</span> <span class='ocrx_word' id='word_1_171' title='bbox 534 2712 647 2794; x_wconf 91' lang='lat' dir='ltr'>angulo</span> <span class='ocrx_word' id='word_1_172' title='bbox 669 2713 751 2776; x_wconf 89' lang='lat' dir='ltr'>recto</span> <span class='ocrx_word' id='word_1_173' title='bbox 774 2711 873 2792; x_wconf 89' lang='lat' dir='ltr'>patuli</span> <span class='ocrx_word' id='word_1_174' title='bbox 896 2713 928 2776; x_wconf 91' lang='lat' dir='ltr'>et</span> <span class='ocrx_word' id='word_1_175' title='bbox 950 2711 1050 2777; x_wconf 90' lang='lat' dir='ltr'>solum</span> <span class='ocrx_word' id='word_1_176' title='bbox 1071 2713 1110 2778; x_wconf 92' lang='lat' dir='ltr'>ad</span> <span class='ocrx_word' id='word_1_177' title='bbox 1141 2713 1286 2778; x_wconf 83' lang='lat' dir='ltr'>extremi-</span> 
     </span>
     <span class='ocr_line' id='line_1_23' title="bbox 14 2815 1286 2898; baseline -0.001 -18"><span class='ocrx_word' id='word_1_178' title='bbox 14 2817 109 2881; x_wconf 84' lang='lat' dir='ltr'>tatem</span> <span class='ocrx_word' id='word_1_179' title='bbox 131 2817 326 2882; x_wconf 83' lang='lat' dir='ltr'>attcnnatam</span> <span class='ocrx_word' id='word_1_180' title='bbox 348 2815 502 2893; x_wconf 87' lang='lat' dir='ltr'>declinati,</span> <span class='ocrx_word' id='word_1_181' title='bbox 525 2817 639 2898; x_wconf 89' lang='lat' dir='ltr'>partim</span> <span class='ocrx_word' id='word_1_182' title='bbox 661 2815 740 2882; x_wconf 90' lang='lat' dir='ltr'>cauli</span> <span class='ocrx_word' id='word_1_183' title='bbox 762 2817 846 2881; x_wconf 87' lang='lat' dir='ltr'>arcte</span> <span class='ocrx_word' id='word_1_184' title='bbox 867 2815 1023 2898; x_wconf 86' lang='lat' dir='ltr'>adpressi;</span> <span class='ocrx_word' id='word_1_185' title='bbox 1046 2816 1167 2882; x_wconf 87' lang='lat' dir='ltr'>cellulis</span> <span class='ocrx_word' id='word_1_186' title='bbox 1189 2815 1286 2882; x_wconf 90' lang='lat' dir='ltr'>corti·</span> 
     </span>
     <span class='ocr_line' id='line_1_24' title="bbox 15 2919 1287 3001; baseline 0.002 -17"><span class='ocrx_word' id='word_1_187' title='bbox 15 2920 128 2986; x_wconf 84' lang='lat' dir='ltr'>salibus</span> <span class='ocrx_word' id='word_1_188' title='bbox 153 2921 305 2987; x_wconf 85' lang='lat' dir='ltr'>maximis.</span> <span class='ocrx_word' id='word_1_189' title='bbox 350 2921 437 2987; x_wconf 83' lang='lat' dir='ltr'>Folia</span> <span class='ocrx_word' id='word_1_190' title='bbox 459 2919 611 2987; x_wconf 89' lang='lat' dir='ltr'>ramulina</span> <span class='ocrx_word' id='word_1_191' title='bbox 633 2921 758 2986; x_wconf 86' lang='lat' dir='ltr'>humida</span> <span class='ocrx_word' id='word_1_192' title='bbox 778 2921 846 2986; x_wconf 85' lang='lat' dir='ltr'>laxe</span> <span class='ocrx_word' id='word_1_193' title='bbox 866 2921 1047 3001; x_wconf 81' lang='lat' dir='ltr'>imbricata,</span> <span class='ocrx_word' id='word_1_194' title='bbox 1070 2923 1148 2988; x_wconf 86' lang='lat' dir='ltr'>sicca</span> <span class='ocrx_word' id='word_1_195' title='bbox 1171 2924 1287 2987; x_wconf 88' lang='lat' dir='ltr'>erecto·</span> 
     </span>
     <span class='ocr_line' id='line_1_25' title="bbox 15 3023 1287 3109; baseline 0.001 -19"><span class='ocrx_word' id='word_1_196' title='bbox 15 3027 167 3106; x_wconf 84' lang='lat' dir='ltr'>patentia,</span> <span class='ocrx_word' id='word_1_197' title='bbox 191 3024 305 3109; x_wconf 90' lang='lat' dir='ltr'>partim</span> <span class='ocrx_word' id='word_1_198' title='bbox 328 3025 516 3092; x_wconf 81' lang='lat' dir='ltr'>subsecanda</span> <span class='ocrx_word' id='word_1_199' title='bbox 538 3025 569 3090; x_wconf 90' lang='lat' dir='ltr'>et</span> <span class='ocrx_word' id='word_1_200' title='bbox 592 3025 773 3104; x_wconf 79' lang='lat' dir='ltr'>sublalcata,</span> <span class='ocrx_word' id='word_1_201' title='bbox 797 3023 961 3104; x_wconf 78' lang='lat' dir='ltr'>subnitida,</span> <span class='ocrx_word' id='word_1_202' title='bbox 985 3043 1019 3090; x_wconf 83' lang='lat' dir='ltr'>ex</span> <span class='ocrx_word' id='word_1_203' title='bbox 1042 3025 1132 3090; x_wconf 87' lang='lat' dir='ltr'>ovato</span> <span class='ocrx_word' id='word_1_204' title='bbox 1157 3023 1287 3109; x_wconf 87' lang='lat' dir='ltr'>oblonga</span> 
     </span>
     <span class='ocr_line' id='line_1_26' title="bbox 16 3128 1286 3212; baseline 0 -18"><span class='ocrx_word' id='word_1_205' title='bbox 16 3129 388 3209; x_wconf 71' lang='lat' dir='ltr'>lanceolam-acuminata,</span> <span class='ocrx_word' id='word_1_206' title='bbox 410 3130 500 3197; x_wconf 81' lang='lat' dir='ltr'>valde</span> <span class='ocrx_word' id='word_1_207' title='bbox 521 3149 661 3211; x_wconf 85' lang='lat' dir='ltr'>concava,</span> <span class='ocrx_word' id='word_1_208' title='bbox 684 3130 769 3212; x_wconf 88' lang='lat' dir='ltr'>apice</span> <span class='ocrx_word' id='word_1_209' title='bbox 792 3130 938 3196; x_wconf 90' lang='lat' dir='ltr'>subacuta</span> <span class='ocrx_word' id='word_1_210' title='bbox 960 3128 1074 3196; x_wconf 89' lang='lat' dir='ltr'>mutioa</span> <span class='ocrx_word' id='word_1_211' title='bbox 1096 3147 1164 3195; x_wconf 89' lang='lat' dir='ltr'>raro</span> <span class='ocrx_word' id='word_1_212' title='bbox 1187 3129 1286 3194; x_wconf 89' lang='lat' dir='ltr'>denti·</span> 
     </span>
     <span class='ocr_line' id='line_1_27' title="bbox 16 3231 1285 3320; baseline 0.002 -22"><span class='ocrx_word' id='word_1_213' title='bbox 16 3235 88 3300; x_wconf 90' lang='lat' dir='ltr'>culis</span> <span class='ocrx_word' id='word_1_214' title='bbox 110 3236 229 3302; x_wconf 91' lang='lat' dir='ltr'>duobus</span> <span class='ocrx_word' id='word_1_215' title='bbox 252 3235 378 3302; x_wconf 88' lang='lat' dir='ltr'>minutis</span> <span class='ocrx_word' id='word_1_216' title='bbox 394 3235 569 3314; x_wconf 79' lang='lat' dir='ltr'>terminata,</span> <span class='ocrx_word' id='word_1_217' title='bbox 593 3235 710 3301; x_wconf 88' lang='lat' dir='ltr'>cellulis</span> <span class='ocrx_word' id='word_1_218' title='bbox 726 3234 879 3320; x_wconf 88' lang='lat' dir='ltr'>perlongis</span> <span class='ocrx_word' id='word_1_219' title='bbox 895 3233 1125 3318; x_wconf 88' lang='lat' dir='ltr'>angustissimis</span> <span class='ocrx_word' id='word_1_220' title='bbox 1140 3231 1285 3310; x_wconf 78' lang='lat' dir='ltr'>limbata3</span> 
     </span>
     <span class='ocr_line' id='line_1_28' title="bbox 18 3335 1286 3425; baseline 0 -23"><span class='ocrx_word' id='word_1_221' title='bbox 18 3338 143 3407; x_wconf 85' lang='lat' dir='ltr'>cellulae</span> <span class='ocrx_word' id='word_1_222' title='bbox 166 3339 307 3425; x_wconf 84' lang='lat' dir='ltr'>hyalinae</span> <span class='ocrx_word' id='word_1_223' title='bbox 329 3341 456 3422; x_wconf 88' lang='lat' dir='ltr'>utraque</span> <span class='ocrx_word' id='word_1_224' title='bbox 478 3340 592 3424; x_wconf 84' lang='lat' dir='ltr'>pagina</span> <span class='ocrx_word' id='word_1_225' title='bbox 614 3339 781 3421; x_wconf 79' lang='lat' dir='ltr'>aequaliter</span> <span class='ocrx_word' id='word_1_226' title='bbox 803 3337 1166 3421; x_wconf 82' lang='lat' dir='ltr'>convexo-prominentes,</span> <span class='ocrx_word' id='word_1_227' title='bbox 1189 3335 1286 3420; x_wconf 90' lang='lat' dir='ltr'>spira·</span> 
     </span>
     <span class='ocr_line' id='line_1_29' title="bbox 18 3440 1287 3527; baseline 0.001 -22"><span class='ocrx_word' id='word_1_228' title='bbox 18 3441 86 3508; x_wconf 86' lang='lat' dir='ltr'>liter</span> <span class='ocrx_word' id='word_1_229' title='bbox 107 3445 247 3523; x_wconf 86' lang='lat' dir='ltr'>fibrosae,</span> <span class='ocrx_word' id='word_1_230' title='bbox 270 3443 353 3527; x_wconf 91' lang='lat' dir='ltr'>poris</span> <span class='ocrx_word' id='word_1_231' title='bbox 374 3442 532 3526; x_wconf 87' lang='lat' dir='ltr'>perpaucis</span> <span class='ocrx_word' id='word_1_232' title='bbox 555 3441 707 3520; x_wconf 86' lang='lat' dir='ltr'>minimis;</span> <span class='ocrx_word' id='word_1_233' title='bbox 731 3441 858 3508; x_wconf 91' lang='lat' dir='ltr'>cellulae</span> <span class='ocrx_word' id='word_1_234' title='bbox 879 3440 1201 3525; x_wconf 80' lang='lat' dir='ltr'>chlorophyllophorae</span> <span class='ocrx_word' id='word_1_235' title='bbox 1217 3461 1287 3524; x_wconf 89' lang='lat' dir='ltr'>per-</span> 
     </span>
     <span class='ocr_line' id='line_1_30' title="bbox 18 3544 1287 3632; baseline 0 -22"><span class='ocrx_word' id='word_1_236' title='bbox 18 3551 177 3632; x_wconf 83' lang='lat' dir='ltr'>augustae,</span> <span class='ocrx_word' id='word_1_237' title='bbox 199 3547 331 3613; x_wconf 90' lang='lat' dir='ltr'>medium</span> <span class='ocrx_word' id='word_1_238' title='bbox 342 3546 422 3612; x_wconf 90' lang='lat' dir='ltr'>inter</span> <span class='ocrx_word' id='word_1_239' title='bbox 436 3547 562 3612; x_wconf 87' lang='lat' dir='ltr'>cellulas</span> <span class='ocrx_word' id='word_1_240' title='bbox 578 3547 717 3632; x_wconf 84' lang='lat' dir='ltr'>hyalinas</span> <span class='ocrx_word' id='word_1_241' title='bbox 733 3547 882 3625; x_wconf 81' lang='lat' dir='ltr'>tenentes,</span> <span class='ocrx_word' id='word_1_242' title='bbox 898 3544 986 3612; x_wconf 85' lang='lat' dir='ltr'>valde</span> <span class='ocrx_word' id='word_1_243' title='bbox 1001 3563 1199 3628; x_wconf 83' lang='lat' dir='ltr'>compressae,</span> <span class='ocrx_word' id='word_1_244' title='bbox 1223 3564 1287 3610; x_wconf 91' lang='lat' dir='ltr'>sec·</span> 
     </span>
     <span class='ocr_line' id='line_1_31' title="bbox 20 3649 1284 3736; baseline 0.002 -24"><span class='ocrx_word' id='word_1_245' title='bbox 20 3651 96 3718; x_wconf 85' lang='lat' dir='ltr'>lione</span> <span class='ocrx_word' id='word_1_246' title='bbox 128 3651 330 3718; x_wconf 83' lang='lat' dir='ltr'>transuersali</span> <span class='ocrx_word' id='word_1_247' title='bbox 361 3653 491 3736; x_wconf 85' lang='lat' dir='ltr'>anguste</span> <span class='ocrx_word' id='word_1_248' title='bbox 521 3651 683 3717; x_wconf 82' lang='lat' dir='ltr'>tisilormi.</span> <span class='ocrx_word' id='word_1_249' title='bbox 728 3650 896 3716; x_wconf 83' lang='lat' dir='ltr'>Amentula</span> <span class='ocrx_word' id='word_1_250' title='bbox 929 3649 1064 3717; x_wconf 83' lang='lat' dir='ltr'>mascula</span> <span class='ocrx_word' id='word_1_251' title='bbox 1086 3649 1284 3716; x_wconf 83' lang='lat' dir='ltr'>breviuscula.</span> 
     </span>
     <span class='ocr_line' id='line_1_32' title="bbox 21 3751 931 3839; baseline 0.002 -23"><span class='ocrx_word' id='word_1_252' title='bbox 21 3751 189 3839; x_wconf 74' lang='lat' dir='ltr'>descriptio</span> <span class='ocrx_word' id='word_1_253' title='bbox 211 3755 251 3821; x_wconf 89' lang='lat' dir='ltr'>ad</span> <span class='ocrx_word' id='word_1_254' title='bbox 273 3753 438 3838; x_wconf 83' lang='lat' dir='ltr'>specimina</span> <span class='ocrx_word' id='word_1_255' title='bbox 459 3773 478 3820; x_wconf 90' lang='lat' dir='ltr'>a</span> <span class='ocrx_word' id='word_1_256' title='bbox 499 3755 571 3821; x_wconf 86' lang='lat' dir='ltr'>cler.</span> <span class='ocrx_word' id='word_1_257' title='bbox 595 3755 631 3822; x_wconf 90' lang='lat' dir='ltr'>R.</span> <span class='ocrx_word' id='word_1_258' title='bbox 655 3753 776 3822; x_wconf 79' lang='lat' dir='ltr'>Senuce</span> <span class='ocrx_word' id='word_1_259' title='bbox 799 3755 931 3836; x_wconf 85' lang='lat' dir='ltr'>recepta.</span> 
     </span>
    </p>
   </div>
   <div class='ocr_carea' id='block_1_6' title="bbox 23 3893 1287 4190">
    <p class='ocr_par' dir='ltr' id='par_1_6' title="bbox 23 3893 1287 4190">
     <span class='ocr_line' id='line_1_33' title="bbox 23 3893 1287 3982; baseline 0.002 -26"><span class='ocrx_word' id='word_1_260' title='bbox 23 3893 202 3982; x_wconf 78' lang='lat' dir='ltr'>Splapnum</span> <span class='ocrx_word' id='word_1_261' title='bbox 223 3903 397 3961; x_wconf 80' lang='lat' dir='ltr'>contortum</span> <span class='ocrx_word' id='word_1_262' title='bbox 419 3914 482 3962; x_wconf 87' lang='lat' dir='ltr'>var.</span> <span class='ocrx_word' id='word_1_263' title='bbox 506 3895 675 3960; x_wconf 80' lang='lat' dir='ltr'>turicinum</span> <span class='ocrx_word' id='word_1_264' title='bbox 697 3893 828 3960; x_wconf 84' lang='lat' dir='ltr'>Wiuson</span> <span class='ocrx_word' id='word_1_265' title='bbox 850 3893 954 3977; x_wconf 82' lang='lat' dir='ltr'>Bryol.</span> <span class='ocrx_word' id='word_1_266' title='bbox 980 3893 1059 3958; x_wconf 90' lang='lat' dir='ltr'>Brit.</span> <span class='ocrx_word' id='word_1_267' title='bbox 1091 3912 1159 3958; x_wconf 89' lang='lat' dir='ltr'>oum</span> <span class='ocrx_word' id='word_1_268' title='bbox 1183 3894 1287 3958; x_wconf 90' lang='lat' dir='ltr'>obser-</span> 
     </span>
     <span class='ocr_line' id='line_1_34' title="bbox 121 3998 1284 4085; baseline -0.003 -19"><span class='ocrx_word' id='word_1_269' title='bbox 121 4001 262 4067; x_wconf 87' lang='lat' dir='ltr'>vatione:</span> <span class='ocrx_word' id='word_1_270' title='bbox 297 4019 386 4085; x_wconf 82' lang='lat' dir='ltr'>„may</span> <span class='ocrx_word' id='word_1_271' title='bbox 408 4000 582 4084; x_wconf 87' lang='lat' dir='ltr'>eventually</span> <span class='ocrx_word' id='word_1_272' title='bbox 605 4020 696 4083; x_wconf 84' lang='lat' dir='ltr'>prove</span> <span class='ocrx_word' id='word_1_273' title='bbox 719 4003 751 4066; x_wconf 91' lang='lat' dir='ltr'>to</span> <span class='ocrx_word' id='word_1_274' title='bbox 774 3999 810 4064; x_wconf 92' lang='lat' dir='ltr'>be</span> <span class='ocrx_word' id='word_1_275' title='bbox 831 4019 851 4064; x_wconf 89' lang='lat' dir='ltr'>a</span> <span class='ocrx_word' id='word_1_276' title='bbox 872 3999 1001 4065; x_wconf 89' lang='lat' dir='ltr'>distinct</span> <span class='ocrx_word' id='word_1_277' title='bbox 1023 3998 1156 4082; x_wconf 88' lang='lat' dir='ltr'>species,</span> <span class='ocrx_word' id='word_1_278' title='bbox 1188 3999 1284 4063; x_wconf 89' lang='lat' dir='ltr'>inter·</span> 
     </span>
     <span class='ocr_line' id='line_1_35' title="bbox 123 4105 939 4190; baseline -0.002 -20"><span class='ocrx_word' id='word_1_279' title='bbox 123 4106 255 4172; x_wconf 89' lang='lat' dir='ltr'>mediate</span> <span class='ocrx_word' id='word_1_280' title='bbox 277 4106 413 4171; x_wconf 85' lang='lat' dir='ltr'>between</span> <span class='ocrx_word' id='word_1_281' title='bbox 435 4113 607 4172; x_wconf 71' lang='lat' dir='ltr'>emortum</span> <span class='ocrx_word' id='word_1_282' title='bbox 629 4105 690 4171; x_wconf 92' lang='lat' dir='ltr'>and</span> <span class='ocrx_word' id='word_1_283' title='bbox 711 4105 939 4190; x_wconf 58' lang='lat' dir='ltr'>apiculum.-</span> 
     </span>
    </p>
   </div>
   <div class='ocr_carea' id='block_1_7' title="bbox 24 4221 1285 4416">
    <p class='ocr_par' dir='ltr' id='par_1_7' title="bbox 24 4221 1285 4416">
     <span class='ocr_line' id='line_1_36' title="bbox 24 4221 1285 4312; baseline -0.002 -22"><span class='ocrx_word' id='word_1_284' title='bbox 24 4221 201 4312; x_wconf 78' lang='lat' dir='ltr'>Sptcpoum</span> <span class='ocrx_word' id='word_1_285' title='bbox 222 4227 393 4292; x_wconf 63' lang='lat' dir='ltr'>hmcinum</span> <span class='ocrx_word' id='word_1_286' title='bbox 415 4225 545 4292; x_wconf 78' lang='lat' dir='ltr'>Sueuos.</span> <span class='ocrx_word' id='word_1_287' title='bbox 590 4225 630 4290; x_wconf 89' lang='lat' dir='ltr'>K.</span> <span class='ocrx_word' id='word_1_288' title='bbox 653 4224 888 4290; x_wconf 72' lang='lat' dir='ltr'>scaniensium</span> <span class='ocrx_word' id='word_1_289' title='bbox 920 4222 1015 4288; x_wconf 88' lang='lat' dir='ltr'>Beitr.</span> <span class='ocrx_word' id='word_1_290' title='bbox 1049 4243 1075 4288; x_wconf 85' lang='lat' dir='ltr'>z.</span> <span class='ocrx_word' id='word_1_291' title='bbox 1098 4223 1233 4288; x_wconf 87' lang='lat' dir='ltr'>Kenntn.</span> <span class='ocrx_word' id='word_1_292' title='bbox 1257 4223 1285 4288; x_wconf 93' lang='lat' dir='ltr'>d.</span> 
     </span>
     <span class='ocr_line' id='line_1_37' title="bbox 124 4327 1284 4416; baseline -0.001 -20"><span class='ocrx_word' id='word_1_293' title='bbox 124 4330 277 4416; x_wconf 56' lang='lat' dir='ltr'>epulone</span> <span class='ocrx_word' id='word_1_294' title='bbox 298 4330 330 4396; x_wconf 92' lang='lat' dir='ltr'>in</span> <span class='ocrx_word' id='word_1_295' title='bbox 352 4329 444 4396; x_wconf 89' lang='lat' dir='ltr'>Verh.</span> <span class='ocrx_word' id='word_1_296' title='bbox 467 4331 496 4396; x_wconf 92' lang='lat' dir='ltr'>d.</span> <span class='ocrx_word' id='word_1_297' title='bbox 520 4330 549 4396; x_wconf 85' lang='lat' dir='ltr'>lr.</span> <span class='ocrx_word' id='word_1_298' title='bbox 574 4329 603 4394; x_wconf 90' lang='lat' dir='ltr'>k.</span> <span class='ocrx_word' id='word_1_299' title='bbox 627 4329 784 4394; x_wconf 83' lang='lat' dir='ltr'>noel-bot.</span> <span class='ocrx_word' id='word_1_300' title='bbox 809 4327 976 4395; x_wconf 85' lang='lat' dir='ltr'>Gesellsoh.</span> <span class='ocrx_word' id='word_1_301' title='bbox 1001 4328 1033 4393; x_wconf 91' lang='lat' dir='ltr'>in</span> <span class='ocrx_word' id='word_1_302' title='bbox 1055 4327 1165 4404; x_wconf 77' lang='lat' dir='ltr'>wien,</span> <span class='ocrx_word' id='word_1_303' title='bbox 1192 4327 1284 4395; x_wconf 80' lang='lat'>1850.</span> 
     </span>
    </p>
   </div>
   <div class='ocr_carea' id='block_1_8' title="bbox 27 4444 672 4536">
    <p class='ocr_par' dir='ltr' id='par_1_8' title="bbox 27 4444 672 4536">
     <span class='ocr_line' id='line_1_38' title="bbox 27 4444 672 4536; baseline 0.002 -22"><span class='ocrx_word' id='word_1_304' title='bbox 27 4444 202 4536; x_wconf 56' lang='lat' dir='ltr'>numum</span> <span class='ocrx_word' id='word_1_305' title='bbox 223 4449 424 4534; x_wconf 78' lang='lat' dir='ltr'>corcisclium</span> <span class='ocrx_word' id='word_1_306' title='bbox 447 4450 576 4516; x_wconf 81' lang='lat' dir='ltr'>W1uson</span> <span class='ocrx_word' id='word_1_307' title='bbox 599 4452 672 4517; x_wconf 89' lang='lat' dir='ltr'>mst.</span> 
     </span>
    </p>
   </div>
   <div class='ocr_carea' id='block_1_9' title="bbox 27 4584 1286 4780">
    <p class='ocr_par' dir='ltr' id='par_1_9' title="bbox 27 4584 1286 4780">
     <span class='ocr_line' id='line_1_39' title="bbox 103 4584 1286 4676; baseline -0.004 -20"><span class='ocrx_word' id='word_1_308' title='bbox 103 4591 211 4657; x_wconf 80' lang='lat' dir='ltr'>Hadid.</span> <span class='ocrx_word' id='word_1_309' title='bbox 240 4591 274 4657; x_wconf 90' lang='lat' dir='ltr'>in</span> <span class='ocrx_word' id='word_1_310' title='bbox 305 4590 415 4674; x_wconf 88' lang='lat' dir='ltr'>palude</span> <span class='ocrx_word' id='word_1_311' title='bbox 440 4589 628 4676; x_wconf 76' lang='lat' dir='ltr'>Terrinytoo</span> <span class='ocrx_word' id='word_1_312' title='bbox 652 4589 735 4655; x_wconf 82' lang='lat' dir='ltr'>Gerr</span> <span class='ocrx_word' id='word_1_313' title='bbox 757 4606 848 4671; x_wconf 87' lang='lat' dir='ltr'>propo</span> <span class='ocrx_word' id='word_1_314' title='bbox 872 4586 1131 4653; x_wconf 75' lang='lat' dir='ltr'>Caede-Horcard</span> <span class='ocrx_word' id='word_1_315' title='bbox 1152 4584 1286 4670; x_wconf 83' lang='lat' dir='ltr'>Angliae</span> 
     </span>
     <span class='ocr_line' id='line_1_40' title="bbox 27 4685 1285 4780; baseline 0.002 -26"><span class='ocrx_word' id='word_1_316' title='bbox 27 4685 106 4760; x_wconf 81' lang='lat' dir='ltr'>Rieu.</span> <span class='ocrx_word' id='word_1_317' title='bbox 137 4694 257 4762; x_wconf 78' lang='lat' dir='ltr'>smum</span> <span class='ocrx_word' id='word_1_318' title='bbox 291 4692 371 4760; x_wconf 79' lang='grc'>1847</span> <span class='ocrx_word' id='word_1_319' title='bbox 402 4693 496 4778; x_wconf 82' lang='lat' dir='ltr'>legit;</span> <span class='ocrx_word' id='word_1_320' title='bbox 526 4713 618 4778; x_wconf 90' lang='lat' dir='ltr'>prope</span> <span class='ocrx_word' id='word_1_321' title='bbox 649 4693 797 4780; x_wconf 75' lang='lat' dir='ltr'>Lyclcsde</span> <span class='ocrx_word' id='word_1_322' title='bbox 827 4690 999 4774; x_wconf 82' lang='lat' dir='ltr'>Lopponise</span> <span class='ocrx_word' id='word_1_323' title='bbox 1030 4687 1164 4756; x_wconf 89' lang='lat' dir='ltr'>umensis</span> <span class='ocrx_word' id='word_1_324' title='bbox 1187 4689 1285 4774; x_wconf 79' lang='lat' dir='ltr'>(Anu-</span> 
     </span>
    </p>
   </div>
   <div class='ocr_carea' id='block_1_10' title="bbox 0 0 1616 5252">
    <p class='ocr_par' dir='ltr' id='par_1_10' title="bbox 0 0 1616 5252">
     <span class='ocr_line' id='line_1_41' title="bbox 0 0 1616 5252; baseline 0 0"><span class='ocrx_word' id='word_1_325' title='bbox 0 0 1616 5252; x_wconf 95' lang='lat' dir='ltr'> </span> 
     </span>
    </p>
   </div>
  </div>
 </body>
</html>
