3208 5214
292 273 335 340 90
844 272 1012 328 Weisiaeese.

291 447 361 514 Ver.
378 475 403 528 γ.
418 449 590 532 Menate.
629 446 733 514 Caulis
749 447 857 530 longus
881 447 912 512 ot
934 446 1133 532 longissimus
1157 447 1352 524 decumbens,
1375 448 1555 532 geniculato-

396 551 572 631 ascendens,
596 551 733 618 tomento
757 550 935 616 destitutos.
980 551 1067 616 Folia
1090 551 1220 616 secunda
1242 552 1273 616 et
1294 549 1555 624 falesto-secunda,

397 655 497 721 minus
521 654 668 734 eoulsrta,
693 652 847 719 nitidiora.
886 653 1018 736 Capsula
1039 653 1069 719 in
1092 653 1241 736 pedieello
1264 653 1405 736 longiore
1428 655 1556 720 ioeorro-

397 777 516 826 cernua.

288 862 470 928 Dioreoom
491 862 654 946 fleeiooulo
676 863 766 928 Baro.
791 863 893 944 Bryol.
918 860 1000 928 univ.
1024 863 1049 927 Ι.

289 965 364 1032 Ver.
379 972 408 1033 t.
433 966 602 1032 robustum.
649 967 780 1032 Plantae
801 965 990 1032 robustiores
1013 964 1062 1031 vix
1084 967 1286 1032 tomentosaa.
1325 966 1417 1032 Folia
1445 967 1558 1032 obscure

398 1068 519 1145 viridia,
544 1068 699 1149 solidiora,
723 1069 833 1135 nitida.

289 1173 362 1238 Var.
379 1198 402 1240 ε.
419 1174 669 1259 enpustifoliam.
704 1174 838 1240 Pioniae
859 1175 951 1239 dense
966 1173 1132 1252 confertae,
1156 1173 1320 1240 tenuiores.
1352 1173 1442 1240 Folia
1458 1177 1560 1240 eres-la

396 1278 460 1344 solo
482 1278 567 1361 apios
590 1278 732 1358 flexuosa,
755 1277 944 1362 augustiora,
967 1277 1159 1344 latescentia

373 1382 482 1446 Hesio.
506 1382 537 1446 in
560 1382 685 1465 rupibus
707 1381 859 1447 umbrosis
883 1382 915 1446 et
930 1380 969 1446 ao
984 1380 1070 1465 ligna
1085 1379 1291 1463 putreseentia
1307 1400 1323 1444 e
1339 1380 1469 1464 regione
1486 1399 1559 1446 marn·

287 1485 362 1551 tana
382 1504 476 1569 usque
499 1487 531 1551 in
554 1486 704 1569 alpinam,
740 1504 804 1551 var.
827 1491 848 1564 β
870 1485 901 1550 in
926 1485 1042 1550 truncis
1064 1483 1196 1566 putridis
1222 1483 1357 1567 regionis
1378 1484 1562 1567 subalpinae,

287 1587 503 1671 vulgatissima
517 1601 570 1672 per
584 1591 604 1657 J
608 1609 694 1656 oraru
709 1593 741 1655 et
757 1589 871 1671 Alpes;
894 1607 958 1654 var.
975 1614 993 1671 γ
1008 1587 1045 1654 od
1069 1589 1184 1653 briam
1200 1588 1362 1653 humesarn
1379 1589 1412 1652 et
1428 1587 1469 1652 ad
1488 1588 1563 1670 ligna

286 1691 410 1772 putrida
439 1693 572 1778 regionis
595 1694 672 1758 Pini
694 1693 884 1758 Psornilioois
916 1695 947 1758 et
969 1693 1213 1772 Rhododemlri,·
1242 1711 1307 1756 var.
1336 1699 1356 1757 o
1381 1691 1415 1756 in
1446 1693 1561 1775 rupibus

286 1814 350 1880 reg.
373 1795 509 1880 alpinam
533 1817 627 1866 vaus
649 1797 681 1862 iu
697 1797 812 1863 truncis
828 1795 974 1863 emortuis
990 1794 1072 1861 inter
1088 1795 1256 1878 Kaofjord
1278 1796 1309 1860 ot
1328 1796 1473 1881 Beselcop
1498 1797 1563 1862 uin·

285 1901 423 1967 marisiae
446 1901 625 1986 (benenaz).
664 1901 807 1966 l'ermam
837 1901 1028 1982 eompaetam
1062 1899 1100 1964 ad
1128 1901 1243 1964 terram
1267 1899 1297 1964 in
1323 1898 1389 1962 Bm
1415 1899 1508 1965 *llere
1537 1908 1561 1962 or

286 2003 352 2068 Boo
376 2004 508 2070 Leonem
530 2005 603 2090 legi.

374 2107 482 2174 Froot.
507 2117 623 2174 rantur.
647 2106 803 2174 auctumni
826 2106 924 2173 initio.

375 2233 483 2293 Planta
511 2251 689 2309 summopore
720 2233 884 2304 variabilis,
917 2235 1040 2294 Diores
1063 2235 1197 2308 sensorio
1224 2235 1333 2304 minor,
1367 2235 1447 2298 foliis
1475 2238 1561 2295 minn-

285 2321 398 2396 rigidis,
420 2322 502 2396 apios
518 2321 663 2392 flexuosis,
678 2322 786 2396 opacis,
810 2321 894 2381 dorso
910 2321 988 2380 haud
1005 2321 1135 2390 serratis,
1159 2321 1281 2382 reticulo
1296 2322 1424 2395 diverse,
1448 2323 1560 2398 capsula

285 2409 378 2468 multo
402 2409 549 2479 breviore,
579 2408 695 2484 turgide
725 2411 813 2468 ovata
843 2407 938 2467 minus
964 2407 1059 2468 solida
1081 2407 1188 2481 pallide
1211 2407 1408 2482 lassescente,
1440 2409 1561 2486 operrub

285 2498 380 2554 rostro
403 2495 512 2570 pallido
535 2495 684 2555 distincta.

644 2688 690 2744 1⁷.
724 2685 914 2742 Dieranum
935 2684 1205 2743 Miihlenbeokll.

719 2808 770 2865 Bo.
795 2809 824 2866 et
848 2807 914 2866 Son.
936 2806 1035 2881 Bryol.
1059 2825 1118 2865 our.

373 2940 470 3006 Danae
503 2938 727 3022 eaespitosum,
760 2937 910 3021 caespites
943 2936 982 3004 ad
1013 2935 1226 3003 innovationes
1261 2937 1438 3006 fructiferas
1472 2961 1563 3024 nsque

286 3041 425 3109 tomento
447 3041 619 3126 ferrugineo
642 3042 750 3108 debinc
772 3043 916 3108 oobraoee
939 3050 968 3106 el
991 3041 1061 3106 albo
1085 3040 1184 3107 obruti
1208 3041 1290 3108 laeta
1312 3042 1439 3122 virides,
1461 3049 1564 3110 aetate

285 3145 408 3212 elotae
435 3145 521 3212 fusci.
566 3145 669 3213 Cauiis
701 3145 801 3210 tenuis
832 3147 960 3210 erastus.
1006 3144 1094 3210 l'olia
1122 3145 1276 3222 conserta,
1309 3147 1563 3232 subseqnilenga

284 3249 589 3332 flexuoso-patentia,
628 3249 708 3316 sieca
737 3249 1023 3331 uitiato-crispata,
1054 3249 1404 3328 laneoolatoenbulata,
1436 3272 1564 3335 superna·

283 3354 495 3434 subtubulosa,
517 3355 602 3438 epioe
624 3355 663 3420 ad
687 3353 858 3436 marginem
879 3353 1016 3434 dentata,
1038 3353 1129 3418 dorso
1149 3353 1260 3430 laevia,
1282 3355 1350 3418 tota
1373 3355 1442 3420 basi
1464 3355 1562 3420 latin<

282 3457 420 3523 areolata
442 3457 669 3524 subaurieulata
688 3457 850 3533 aunuatim
884 3456 1113 3540 periebaotialia
1135 3455 1167 3522 in
1189 3457 1365 3540 eylindnrm
1388 3461 1563 3524 convoluta.

283 3559 396 3625 intima
418 3560 553 3627 breviter
575 3563 739 3645 apioulata.
778 3559 912 3643 Capsula
927 3562 957 3626 in
981 3561 1127 3644 pedieello
1148 3561 1241 3646 longo
1265 3561 1438 3629 stramineo
1460 3577 1565 3630 eterra

283 3664 673 3750 autumnate-oplindrieo,
697 3666 796 3743 badia,
821 3666 870 3732 vix
892 3665 1015 3731 striato.
1060 3665 1202 3748 Opereuli
1223 3667 1360 3732 rostrum
1387 3667 1563 3734 subsistam

283 3767 441 3849 pallidum.
487 3767 704 3834 Peristomium
735 3767 953 3851 praecedentis.
999 3769 1190 3852 Repetam.
1227 3767 1298 3834 Vol.
1324 3769 1350 3847 l,
1373 3769 1450 3836 usu.
1474 3771 1523 3834 it.

284 3888 464 3954 Dierooam
487 3891 791 3956 Matrimonium.
815 3892 847 3956 et
869 3889 942 3958 Soa.
966 3891 1070 3975 Bryel.
1094 3910 1195 3974 europ.
1219 3892 1240 3956 l.
1256 3911 1283 3956 e.

283 3991 462 4058 Dioromrm
486 3993 678 4058 Hostionam
700 3993 883 4060 sonnisse.
907 3993 1012 4076 Suppl.
1037 3993 1092 4060 ll.

369 4096 476 4161 Habir.
500 4095 538 4162 ad
560 4115 649 4180 rupes
672 4097 704 4161 et
727 4099 842 4162 terram
865 4095 1034 4178 lapidosam
1058 4117 1113 4163 neo
1129 4117 1188 4164 non
1203 4097 1234 4162 in
1249 4099 1398 4166 arborum
1415 4099 1562 4184 stirpibu-

282 4199 446 4264 emortuis:
479 4201 510 4265 in
542 4201 627 4267 leuce
655 4200 737 4266 inter
763 4199 880 4266 Tbosr's
905 4201 939 4266 et
966 4201 1179 4283 ltssealcoslen
1211 4201 1365 4268 Rhoetiae
1397 4204 1449 4270 ubi
1480 4205 1560 4268 best

281 4300 499 4368 Munnsunnos
526 4301 608 4369 1844
641 4304 766 4381 delent,
799 4303 1010 4387 copiosissime
1041 4303 1072 4371 in
1100 4305 1199 4387 pratis
1227 4305 1401 4388 subalpinis
1431 4307 1461 4373 in
1488 4325 1563 4370 ron·

282 4403 415 4470 vallibus
444 4407 477 4471 at
498 4406 595 4489 sylvis
616 4408 711 4474 Jurae
743 4407 971 4484 ueeoomieusis,
998 4407 1029 4472 in
1059 4408 1107 4474 his
1136 4408 1233 4474 solum
1264 4407 1478 4482 fructiferum,
1508 4429 1560 4472 nr<

281 4525 340 4572 non
364 4507 395 4573 in
418 4509 489 4591 Alp.
517 4511 665 4594 Griossel,
690 4512 813 4576 Geumi
833 4529 860 4576 e.
882 4529 910 4576 a.
934 4513 956 4576 l.
979 4511 1154 4588 observavi3
1181 4529 1276 4594 propa
1300 4511 1417 4578 ,usas
1440 4513 1560 4578 usses

282 4609 390 4678 merid.
415 4612 466 4696 (el.
493 4612 830 4697 sessonensium.
857 4615 963 4680 Solem
991 4633 1085 4699 prope
1100 4615 1255 4684 Generum
1287 4617 1377 4702 (lea.
1404 4619 1560 4687 nmmo.
