3358 5254
288 316 352 386 642
841 319 1010 396 Hypnaeeae.

396 510 456 576 que
476 491 649 560 ettenustia
672 492 819 560 mollibus
841 495 988 562 remotius
1010 493 1140 562 foliosis.
1185 495 1272 563 ltotia
1295 497 1402 580 patula
1418 499 1565 565 bmriora

398 594 534 682 Oapeula
555 595 677 664 brevius
700 597 894 681 pedicellata,
917 599 1141 678 crassiusonla3
1164 599 1238 668 ibid

175 699 179 708 ’
288 716 362 784 Ver.
395 728 414 800 ζ
450 717 670 804 cylindrieum.
727 716 834 786 Canis
870 718 1033 805 adrepens,
1070 721 1206 788 breuitm
1242 721 1564 805 pinnato-ramulum

397 821 485 890 l'elie
506 821 575 890 lare
597 821 762 890 imbricata
784 823 833 890 uel
855 823 1123 908 suboomplansta,
1155 824 1306 906 breviora,
1328 825 1422 894 valde
1444 827 1563 908 serim

396 926 569 1012 pallidiora.
614 925 748 1010 capsula
771 927 940 1006 suberecta,
963 929 1120 1015 elongata,
1143 929 1346 1007 snbarouatac
1368 931 1444 998 ibid.

288 1032 446 1121 Hypnom
468 1031 673 1118 capilluceum
695 1032 785 1097 Bsm.
808 1031 914 1117 Bryol.
937 1032 1020 1099 uuir.

287 1135 396 1226 Vane
423 1136 603 1216 lienosi&
625 1134 846 1216 abbreviatum,
868 1136 1026 1216 tenellam,
1051 1136 1140 1204 valde
1153 1156 1322 1217 ramosum,
1343 1139 1425 1206 rami
1440 1141 1564 1206 ramuli·

319 1333 335 1362 ⁹
398 1261 457 1326 que
488 1243 594 1308 tenues
628 1241 889 1324 suboomplanati,
926 1240 1010 1308 loliis
1043 1241 1233 1309 brevioribus
1269 1243 1408 1323 strictis,
1444 1243 1565 1326 pulchre

398 1365 531 1415 eerroers.

288 1449 444 1540 Hypoom
466 1451 670 1537 eupilloeeum
692 1467 757 1517 var.
785 1449 949 1516 Teumesi
970 1450 1062 1517 Bum.
1084 1451 1189 1536 Bryol.
1213 1451 1295 1518 univ.

375 1573 485 1640 Hobs‘t.
514 1572 548 1638 in
570 1572 655 1639 terro
676 1570 807 1638 humosa
828 1571 999 1656 sylvatioa,
1033 1573 1072 1640 od
1094 1591 1168 1640 saxa
1189 1575 1281 1657 atque
1301 1574 1449 1641 mborum
1470 1593 1561 1640 anuo·

288 1699 393 1748 aarum
414 1678 533 1747 radices
555 1678 645 1760 inque
668 1695 773 1743 aarum
795 1675 915 1743 muncia
937 1677 1185 1759 putrescentibus
1199 1696 1254 1764 par
1269 1678 1442 1762 Europam
1465 1685 1562 1756 rand

286 1785 321 1853 in
343 1784 508 1853 salebrosis
529 1785 622 1866 atque
644 1781 737 1848 tectis
760 1780 954 1862 stramineis,
983 1801 1050 1849 rar.
1072 1809 1091 1866 y
1112 1781 1145 1847 in
1166 1780 1300 1850 humidis
1322 1783 1373 1850 vel
1394 1782 1561 1868 augurans

287 1909 352 1957 var.
374 1895 395 1957 l
414 1890 454 1956 ad
476 1889 619 1956 arborum
641 1887 760 1954 radices
781 1889 814 1954 et
836 1905 910 1954 saxa
931 1887 1096 1966 umbrosa,
1128 1906 1193 1954 rar.
1217 1911 1232 1955 r
1253 1885 1286 1953 in
1308 1889 1394 1954 terra
1415 1886 1563 1972 extratico
1672 1875 1673 1882 '

286 1993 469 2077 praesertim
490 2009 583 2060 nonae
605 1990 873 2076 septentrionalis,
895 2010 960 2059 var.
984 2003 1003 2074 ζ
1024 1993 1056 2058 in
1077 1992 1223 2059 arborum
1245 1991 1365 2060 muncia
1387 1991 1561 2074 mmipntri·

286 2099 344 2180 dis,
366 2099 527 2184 praecipue
547 2098 735 2183 Populorum
757 2097 790 2164 et
811 2095 956 2176 Salicum,
979 2115 1044 2164 var.
1065 2124 1085 2185 η
1108 2095 1141 2162 in
1162 2095 1239 2164 locis
1261 2095 1351 2164 siccis
1373 2095 1498 2179 apricis
1527 2095 1560 2160 ln
1671 2091 1673 2136 ²

285 2203 431 2272 americo
452 2204 532 2287 sept.
555 2201 758 2270 varietatibus
781 2202 814 2268 et
835 2201 944 2268 tornis
966 2200 1086 2282 multis,
1108 2201 1223 2286 partim
1237 2202 1277 2269 ab
1291 2201 1451 2285 europaeis
1465 2199 1561 2266 dirm-

286 2309 342 2390 sis,
364 2308 513 2394 provenit.

373 2415 483 2482 Fnsot.
506 2421 624 2480 mutor.
646 2415 820 2482 auctumno.

372 2527 489 2604 Species
511 2527 634 2587 manime
656 2525 858 2602 polymorpha,
880 2524 948 2586 hinc
970 2523 1006 2586 Β.
1020 2525 1164 2604 ytoreoso,
1186 2505 1267 2604 illiue
1287 2521 1324 2584 Β.
1340 2521 1479 2582 mesore
1500 2537 1559 2580 seu

285 2615 500 2693 approximans,
522 2613 626 2675 abillo
648 2613 768 2674 floribus
789 2612 938 2686 monoiois,
960 2614 998 2674 ab
1019 2613 1074 2674 hoc
1089 2611 1226 2688 capsulae
1241 2609 1383 2688 pediaello
1397 2607 1559 2672 musone

284 2703 370 2764 lsoile
393 2703 640 2778 distinguendum.

371 2807 473 2884 Vauy
493 2805 634 2886 Hypeom
654 2803 836 2866 Mildeooum
857 2805 928 2866 mihi
950 2805 1036 2877 olim,
1066 2803 1096 2864 in
1120 2803 1266 2879 specimen
1289 2800 1438 2878 cingnum
1460 2815 1557 2876 param

283 2893 443 2971 perlectum
465 2893 644 2964 institutum,
665 2891 708 2952 uil
730 2892 810 2953 aliud
833 2910 896 2954 esse
919 2893 1036 2952 videtur
1058 2907 1144 2967 quam
1166 2889 1259 2952 torma
1282 2889 1432 2952 robustior
1445 2887 1475 2946 in
1490 2885 1557 2946 locis

281 2982 407 3042 humidis
430 2981 477 3043 set
498 2981 649 3041 inundatis
664 2980 785 3056 degens.
816 2979 1022 3055 (lopiosissima
1042 2978 1210 3056 specimine,
1232 2995 1247 3038 e
1269 2975 1477 3039 disemisunis
1490 2973 1557 3033 loeis
1670 3029 1671 3054 ,

282 3070 379 3218 missa,
401 3070 481 3219 hzud
503 3086 569 3130 raro
592 3068 701 3129 formes
723 3067 911 3129 transitorias
933 3085 952 3128 a
974 3067 1067 3128 torma
1089 3066 1190 3142 typica
1216 3067 1255 3126 ad
1286 3065 1461 3126 varietatem
1484 3062 1557 3120 lant

282 3175 337 3220 oon
351 3175 420 3218 rnen

624 3349 657 3406 4.
685 3345 980 3417 Brsohytheolum
1001 3345 1216 3418 mutinum.

610 3469 747 3545 Hypnum
769 3469 939 3544 ligusticum
961 3469 1007 3530 Du
1028 3468 1141 3530 lionam
1163 3469 1230 3528 met

367 3615 562 3697 Monoleum,
594 3636 673 3704 uage
695 3619 919 3702 caespitosum,
951 3637 968 3685 e
998 3615 1264 3695 davo-virescens,
1297 3615 1411 3682 nitens.
1456 3609 1556 3680 (buliu

281 3739 390 3804 parum
412 3720 592 3806 elongatus,
627 3723 714 3789 basin
737 3741 844 3790 versus
866 3722 1027 3791 confertim
1052 3723 1102 3789 vel
1124 3719 1387 3789 subfasciontatim
1408 3731 1556 3788 mmoous

279 3823 375 3892 ramis
397 3824 518 3891 erectis.
564 3825 651 3893 l'olia
673 3826 757 3892 laeto
779 3829 811 3893 et
832 3825 1059 3906 flavo-urimo,
1090 3825 1246 3904 conferta,
1278 3823 1407 3892 humida
1429 3823 1557 3906 undique

278 3927 428 4012 patentia,
452 3929 532 3994 sicca
553 3929 621 3995 lare
642 3929 851 3996 incumbentia
873 3931 905 3997 et
927 3931 1040 4014 partim
1064 3929 1264 4008 subsecundo,
1285 3947 1302 3996 e
1324 3927 1392 3995 basi
1407 3929 1448 3996 sd
1463 3927 1557 3994 inser·

278 4032 394 4100 tionem
416 4033 583 4117 angustata
607 4033 749 4117 utrinque
772 4035 894 4102 sulcata
907 4035 947 4101 ad
960 4034 1092 4120 angulos
1107 4033 1243 4102 breuiter
1256 4033 1439 4100 decurrente
1454 4035 1556 4100 orato·
1668 4063 1669 4096 s

277 4135 410 4222 oblonga
431 4138 465 4203 et
485 4136 551 4205 late
573 4136 715 4223 oblonga,
737 4139 852 4204 sensim
867 4139 916 4204 vel
933 4139 1034 4206 sabito
1049 4139 1139 4206 acute
1154 4137 1341 4216 acuminata,
1363 4135 1452 4222 apios
1466 4137 1556 4204 ωε
1668 4205 1669 4230 ἢ

277 4239 310 4306 et
331 4242 451 4327 argute,
474 4240 591 4308 interne
612 4243 730 4308 remote
752 4244 786 4309 sl
807 4243 944 4312 obsolute
959 4243 1123 4324 serrulota,
1145 4242 1235 4310 valde
1249 4259 1394 4322 concurs,
1417 4241 1556 4326 Μὴ

276 4341 386 4426 puna,
407 4345 494 4412 costa
516 4344 601 4412 tenui
622 4345 678 4412 sub
701 4345 787 4429 epioe
809 4347 952 4426 evanida,
986 4347 1045 4414 reti
1072 4347 1406 4416 lineari-rhomboides
1452 4346 1555 4415 llum

276 4447 404 4516 masurli
434 4467 512 4533 pone
541 4449 687 4517 femineos
717 4449 833 4533 positi,
870 4451 953 4519 foliis
982 4451 1225 4540 perigouialibus
1255 4451 1555 4528 orato-lanceola&

276 4552 445 4634 ecostatis,
476 4554 661 4622 antheridiis
695 4557 727 4623 et
761 4556 986 4642 paraphysibns
1013 4575 1122 4642 perum
1139 4559 1325 4627 numerosis
1370 4555 1554 4628 Peritum

275 4657 449 4743 polyphylli
471 4659 546 4726 telin
568 4659 676 4727 intima
697 4660 826 4728 minium
841 4662 1128 4745 rotundato-ovata,
1151 4661 1310 4748 sequentia
1324 4664 1553 4732 orato-lanoso·
