3128 5254
565 319 733 391 flamm
1220 323 1284 392 695

25 515 67 560 um
104 495 278 581 longiorem
314 495 472 578 producta.
517 495 625 563 Floree
662 495 789 564 masculi
822 495 963 562 solitarii.
1009 496 1141 580 Oapsula
1164 515 1285 578 cernua,

26 599 85 664 iera
99 598 313 678 horizontalis,
336 599 430 665 ovata
445 599 477 664 et
492 599 599 680 ovalis,
623 619 717 666 vacua
732 601 877 667 truncata
891 599 1033 684 amplior,
1056 602 1197 684 operculo
1213 620 1285 668 con-

25 702 334 782 exo-conicoobtuso,
349 703 464 768 annulo
479 703 666 788 angustiore.
697 703 918 770 Perietornium
934 705 1149 786 praecedentis.
1179 706 1284 789 Bryol.
1356 749 1364 766 .

25 825 66 870 nr.
88 807 162 873 Vol.
187 807 227 886 V,
250 807 326 875 Tab.
349 807 425 874 dee.

25 929 344 1014 lypnumaitidalum
367 929 496 995 surculis
519 929 764 996 subluaciculatis
781 929 971 1012 simplicibus
986 929 1097 1012 planis,
1120 929 1202 997 loliis
1216 931 1286 997 lan-

111 1033 422 1100 ceolam-attenuatis
436 1032 578 1099 distichis
594 1033 762 1113 enervibus,
782 1033 918 1116 capsulis
934 1033 1154 1100 erectiusculis.
1185 1033 1285 1102 Wun-

111 1153 207 1202 nnue.
230 1136 277 1202 lli.
300 1137 383 1219 lapp.
407 1156 437 1220 p.
461 1134 535 1203 370.

25 1238 254 1324 myrothecium
275 1241 448 1306 ndldmrrm
469 1240 526 1306 Bn.
550 1242 583 1307 ct
604 1240 677 1306 Seu.
701 1241 807 1325 Bryol.
830 1259 895 1307 eur.
917 1241 939 1306 l.
962 1260 988 1308 c.
1024 1243 1149 1308 Hnaun.
1172 1241 1284 1310 Skand.

112 1343 162 1408 l'l.
186 1361 232 1410 en
256 1362 285 1426 p.

25 1447 161 1532 lyprsum
184 1449 356 1514 nitidulum
379 1449 535 1514 Hanunmo’
558 1448 669 1518 stand.
692 1449 739 1516 ul.
763 1449 829 1516 cdd.
852 1467 898 1532 pr.

25 1551 161 1636 lipporum
183 1554 321 1618 numum
343 1553 547 1640 (Wsununa.)
571 1553 661 1618 Wea.
680 1556 712 1620 et
728 1553 826 1620 Mons
849 1553 920 1619 Bet.
944 1553 1113 1620 Tascbenb.

25 1653 162 1738 lippeam
178 1657 370 1742 pulchellum
392 1657 483 1722 Bam.
499 1659 604 1742 Bryol.
628 1657 709 1725 univ.
732 1676 759 1722 e.
782 1675 811 1740 p.

49 1759 138 1825 ch.
162 1763 195 1827 et
217 1761 332 1841 Mona,
362 1761 395 1830 C.
418 1762 552 1828 Monens
575 1780 601 1827 e.
625 1781 653 1828 a,
698 1760 829 1829 Wusou
851 1761 957 1845 Bryol.
980 1761 1059 1827 Brit.
1105 1781 1173 1828 cum
1197 1783 1285 1846 prae·

113 1865 241 1932 cedente
262 1867 540 1932 commutaverunt.

92 1986 205 2052 flate.
228 1986 267 2053 ad
289 1988 414 2054 truncos
436 1987 587 2072 putridos,
611 2007 704 2072 supra
726 1986 800 2055 lolia
823 1988 1030 2070 putrescentia
1044 1987 1076 2052 in
1091 1987 1167 2054 lucis
1182 1987 1286 2054 humi-

25 2088 68 2168 lis,
98 2092 130 2156 iu
162 2092 318 2158 excavatis
340 2092 380 2158 ud
403 2092 538 2172 radices,
571 2111 626 2175 per
649 2092 803 2177 regionem
826 2092 1003 2158 montanam
1026 2093 1059 2158 et
1080 2092 1284 2176 subsiciuam,

25 2197 85 2260 raud
107 2215 213 2262 rarum
235 2195 267 2262 in
291 2197 356 2262 totu
379 2197 504 2283 Alpium
525 2197 613 2283 iugo,
634 2197 667 2262 iu
689 2197 776 2273 lura,
800 2200 833 2263 in
850 2197 968 2282 Vogeso
991 2196 1147 2281 superiore
1174 2198 1285 2279 rarius,

26 2299 195 2379 nSudetis,
218 2319 273 2382 per
294 2300 433 2368 Sueciam
456 2303 549 2386 atquc
570 2301 759 2386 Norvegiam
782 2302 980 2385 praecedente
1001 2303 1164 2385 copiosius.

95 2403 207 2470 Floret.
228 2411 345 2468 mutor.
369 2403 492 2471 ineunte
515 2407 644 2472 aestate.
691 2405 843 2489 capsulae
864 2405 1066 2487 immaturae,
1090 2408 1230 2474 maturae
1252 2409 1285 2474 et

25 2505 141 2572 seniores
165 2506 269 2573 eodem
291 2508 430 2592 tempore
452 2509 657 2594 reperiuntur.

94 2617 295 2678 Antecedeutc
318 2620 406 2694 paulo
430 2621 595 2691 robustius,
617 2621 713 2680 laxius
736 2621 765 2680 et
788 2620 1113 2696 demisso-caespitaus,
1136 2621 1213 2682 foliis
1235 2642 1284 2682 ex·

25 2701 137 2772 planatis
160 2706 248 2781 duplo
272 2707 433 2781 majoribus
454 2708 571 2783 longius
594 2708 766 2784 spiculatis,
795 2709 917 2782 capsula
944 2708 1047 2782 majori
1074 2709 1169 2768 minus
1190 2709 1284 2770 solida

25 2805 113 2850 reruua
137 2810 229 2852 uacua
253 2792 426 2853 horizontali
449 2796 479 2854 et
502 2795 656 2867 truncata,
689 2797 788 2854 aetate
810 2795 890 2872 baud
915 2793 1185 2866 rufo-iuecesoente,
1207 2797 1284 2872 peri·

25 2877 263 3026 rtczriiisidloiqtibus
285 2879 448 2941 latioribus.
493 2881 619 2956 capsula
650 2882 779 2957 ejusdem
805 2881 960 2956 caespituli
983 2881 1184 2958 magnitudine
1207 2883 1284 2943 inter

25 2979 44 3018 ³0
182 2983 222 3028 08.

358 3143 388 3199 6.
417 3141 695 3212 Plagiotheclum
718 3143 922 3202 comessum.
1022 3111 1028 3124 ’

118 3262 256 3337 Hypnum
279 3261 441 3323 turiaceum
463 3265 616 3324 lacunosae
640 3252 739 3326 Ouors.
764 3265 830 3326 Vet.
852 3264 947 3325 suan.
969 3263 1053 3323 Fdrh.
1080 3261 1172 3322 1857.

94 3391 277 3475 blonoicum,
299 3395 457 3476 tenellum,
480 3396 663 3480 caespitulos
686 3396 834 3463 demissos
857 3397 938 3462 laete
961 3393 1074 3470 virides
1096 3391 1283 3460 rufo-varic-

25 3495 98 3574 uus
118 3499 289 3567 edormaus.
319 3498 406 3566 Folia
428 3499 794 3585 deprcsso-complanata,
816 3498 959 3567 lateralia
980 3493 1213 3565 horisontaliter
1227 3517 1282 3580 pa-

25 3597 76 3664 tula
96 3603 162 3684 plus
184 3604 286 3670 minus
307 3605 504 3688 complicata,
527 3605 632 3671 audca
654 3608 687 3671 et
709 3605 828 3688 postica
843 3605 1022 3671 alternatim
1038 3606 1070 3669 et
1084 3602 1195 3669 leniter
1210 3602 1282 3667 dex-

25 3703 138 3772 trorsum
153 3707 425 3791 sinistrorsumque
441 3709 609 3795 vergentia,
626 3727 660 3774 ex
676 3708 915 3792 ovato-oblongo
930 3705 1119 3791 longiuscule
1135 3705 1167 3771 et
1181 3705 1283 3772 tcum-

25 3803 60 3868 tcr
86 3809 257 3876 acuminata
287 3812 427 3878 acumine
458 3812 521 3878 lere
549 3811 711 3891 subulcis,
739 3829 835 3894 usque
867 3811 929 3878 iere
956 3811 995 3876 ad
1016 3809 1149 3876 medium
1172 3810 1282 3894 argute

25 3911 141 3991 emo,
165 3913 245 3980 haud
267 3913 477 3994 decurrentia,
507 3917 663 3995 ecostota,
687 3915 745 3982 reti
768 3916 900 4000 angusto
923 3913 970 3980 illi
992 3913 1031 3978 P.
1055 3912 1283 3978 Millrlenbcclrir'

25 4009 102 4078 simili
123 4017 174 4082 sed
196 4019 236 4084 ad
258 4019 390 4104 angulos
414 4019 494 4086 haud
516 4019 659 4088 dilatato.
704 4020 811 4086 llores
832 4019 990 4102 utriusque
1013 4035 1101 4084 serus
1123 4017 1162 4082 ad
1178 4033 1280 4081 ramo·

25 4129 78 4180 rum
97 4119 182 4187 basin
204 4123 253 4189 vel
276 4124 433 4190 commixti
456 4125 506 4190 vel
528 4125 560 4190 in
583 4125 678 4192 ramis
694 4124 843 4200 diversis;
865 4121 993 4190 masculi
1015 4119 1136 4186 minimi
1158 4139 1174 4185 e
1197 4119 1279 4185 loliis

26 4213 219 4306 3ccmpceiti,
241 4227 415 4294 antberidia
438 4227 565 4294 minima
588 4229 608 4294 2
632 4229 680 4296 vel
703 4227 722 4294 3
745 4227 954 4312 cingentibus3
977 4226 1067 4293 florea
1082 4223 1204 4292 feminei
1221 4223 1280 4288 tri-

26 4319 64 4396 llu
83 4327 206 4412 maj0rce
228 4331 394 4416 longiores.
425 4331 652 4400 Pericbaetium
676 4331 810 4398 basilam
832 4331 901 4399 basi
923 4329 1077 4397 radicibus
1100 4328 1200 4414 longis
1222 4347 1279 4393 nu-

27 4433 131 4498 merosis
152 4435 316 4517 obrutum,
348 4438 543 4523 8-phyllum,
575 4438 658 4505 foliis
680 4437 795 4505 infimis
818 4439 938 4515 utatis,
962 4435 1070 4503 mediis
1092 4435 1156 4500 late
1178 4433 1279 4501 ovatis

27 4529 179 4620 spiculatis,
201 4540 323 4608 intimis
347 4542 489 4628 oblongis
513 4541 809 4628 semieoginantibus
831 4541 933 4608 subito
954 4541 986 4608 in
1008 4539 1160 4622 apiculum
1185 4539 1279 4605 subu-

27 4631 106 4707 lutum
126 4663 281 4716 recemum
303 4649 492 4735 angustatis.
538 4649 671 4734 Oapsula
691 4667 817 4729 cernua,
839 4647 1164 4735 oblongo-cylindrica,
1187 4663 1278 4734 regu·
