3316 5262
318 350 383 416 778
873 347 1040 420 flmm-

318 532 435 592 divana
456 531 588 592 caulibus
609 531 788 593 secundariis
810 533 897 592 dense
913 530 1051 592 confertis
1065 530 1244 605 simplicibus
1259 532 1305 592 sel
1319 549 1405 607 parce
1420 531 1567 608 &pato

319 620 451 692 ramosis,
474 635 564 694 usque
587 619 625 678 ad
647 619 731 680 basin
755 619 881 690 foliosis,
903 619 1054 690 mollibus,
1075 617 1171 678 larius
1193 619 1300 692 textis,
1321 619 1397 680 toliis
1418 619 1569 680 densissime

319 707 457 766 confertis
479 707 828 781 squamoso-petentibus,
851 707 921 766 solis
943 706 1062 766 summis
1084 707 1283 776 subsecundis,
1306 707 1470 781 majoribus,
1489 706 1571 782 mmm

318 794 501 864 rotundatis,
530 793 656 852 humidis
678 793 871 864 mollissimis,
901 792 1088 853 interioribus
1110 793 1218 868 pallide
1242 793 1466 854 luscesceutibus
1492 793 1571 852 nitide

319 881 463 952 somissis,
484 879 604 941 floribus
619 881 755 940 masculis
770 879 980 952 crassiusculis,
1002 879 1181 955 perichaetio
1196 881 1304 955 majore
1321 881 1494 958 polyphpllo,
1514 897 1573 954 cap

318 968 384 1028 sula
405 967 545 1038 breviore,
568 968 717 1039 crassiore,
739 968 856 1028 brevius
879 967 1062 1041 crassiusque
1083 967 1267 1041 pedicellata.

406 1071 570 1148 Speoimina
592 1090 610 1131 a
633 1089 677 1132 me
699 1071 730 1132 iu
752 1071 827 1146 Alpe
851 1070 955 1130 Furto
976 1070 1054 1130 lecta
1075 1069 1146 1131 folia
1168 1070 1308 1130 exhibent
1330 1070 1412 1144 apice
1434 1069 1575 1131 rotundato

318 1159 364 1219 vel
386 1159 554 1220 brevissime
576 1161 607 1219 st
628 1160 732 1221 obtuse
755 1159 932 1230 acuminata,
952 1157 1060 1233 partim
1082 1157 1395 1218 subcochleariiormia.

733 1353 784 1410 td.
815 1351 982 1421 Hypnum
1006 1348 1186 1408 domum

406 1479 564 1564 caespites
587 1481 803 1561 tumescentes,
827 1480 1014 1559 mollissimi,
1037 1480 1125 1566 rufo·-
1141 1481 1173 1547 et
1188 1477 1459 1562 viridi-variegali
1501 1475 1579 1544 Rani

319 1604 336 1651 e
357 1585 442 1652 caule
464 1587 620 1668 prostrato
643 1586 778 1654 tilidormi
800 1586 987 1654 erudiculoso
1002 1589 1035 1651 et
1048 1585 1162 1668 partim
1177 1583 1330 1650 denudato
1344 1581 1580 1656 flexuosoerecti,

318 1689 490 1772 pertenues,
512 1689 643 1770 flaccidi,
664 1690 745 1757 haud
760 1691 944 1770 radicantes,
965 1681 1178 1772 'subsimplices
1193 1688 1243 1754 vel
1264 1685 1381 1771 pluries
1404 1685 1505 1762 dirisi,
1523 1703 1580 1748 cm·

319 1792 388 1858 tim.
413 1792 499 1860 2-4
520 1793 615 1879 longi.
660 1795 747 1861 Folia
769 1795 898 1874 minora,
921 1793 1157 1872 remotiuscula,
1180 1791 1306 1858 humida
1327 1791 1463 1874 undique
1484 1791 1580 1856 erecto

318 1897 467 1980 patentia,
489 1897 686 1978 mollissima,
709 1899 791 1966 sicca
811 1899 1015 1978 collabentis,
1037 1915 1194 1965 ramorum
1216 1895 1362 1962 interiora
1385 1895 1515 1972 minuta
1534 1893 1581 1960 cir-

318 2001 452 2080 cularia,
478 2003 598 2068 caetera
620 2003 911 2083 ovato-circularia,
942 2003 1028 2088 apice
1049 2002 1216 2070 rotundatu
1237 2001 1288 2068 vel
1309 2000 1469 2084 paulisper
1490 1999 1580 2066 oeus

319 2105 483 2190 producta,
521 2104 610 2171 valde
624 2102 633 2120 '
646 2124 778 2174 concava
813 2108 846 2174 et
882 2105 1220 2183 submenleeriformia
1257 2105 1400 2190 margine
1437 2100 1580 2170 latiusmlu

319 2209 643 2292 recurvo-explanata,
675 2209 893 2294 integerrima,
925 2209 964 2277 ud
995 2209 1125 2294 angulos
1146 2211 1278 2292 augente
1298 2206 1499 2274 decurrentia
1517 2201 1580 2272 tund

321 2312 478 2390 excavata,
497 2310 622 2396 juniora
644 2312 724 2380 laete
745 2313 856 2380 viridis
876 2312 1002 2380 tandem
1026 2313 1111 2396 apice
1125 2311 1320 2390 mlesoentia,
1343 2309 1510 2378 annosiora
1531 2325 1579 2372 sor·

320 2415 390 2483 dide
412 2415 523 2482 viridia
544 2417 577 2482 et
592 2416 801 2498 luscescentia,
823 2419 910 2484 costa
931 2417 1049 2484 bifurca
1063 2420 1113 2482 set
1128 2416 1193 2484 alte
1208 2417 1368 2500 producta,
1392 2433 1449 2482 seu
1464 2413 1577 2480 obcelet

321 2521 354 2587 et
376 2520 534 2598 subnulla;
556 2521 631 2587 retis
652 2522 772 2590 areolae
796 2523 835 2589 ad
857 2521 973 2605 apicem
995 2519 1169 2604 rhombeae,
1192 2521 1302 2588 dehinc
1316 2539 1427 2586 versus
1442 2517 1529 2586 basin
1541 2533 1575 2581 m

320 2624 413 2708 guste
435 2622 769 2704 flexuoso-medemes
792 2625 926 2692 breviter
947 2624 1221 2692 subvermiculares
1243 2623 1295 2690 vel
1315 2621 1579 2710 hexagono-rhom-

321 2727 455 2808 boideae,
477 2728 516 2795 ad
538 2729 626 2796 basin
648 2731 747 2797 laxius
769 2729 1166 2815 rhomboideohexagonae,
1188 2729 1228 2796 ad
1250 2729 1380 2814 angulos
1404 2723 1580 2812 repungit*

321 2849 389 2908 res,
421 2831 560 2915 granulis
587 2832 836 2917 chlorophpllicis
868 2833 936 2916 plus
967 2833 1106 2898 minusve
1138 2833 1327 2908 numerosis;
1359 2835 1430 2898 rete
1460 2831 1580 2898 loliorum

318 2933 475 3018 juniorum
498 2935 696 3003 delicatulum
719 2937 886 3022 hyalinum,
908 2935 1105 3003 annosiorum
1128 2935 1259 3002 validius
1281 2936 1468 3002 tiracesoens.
1497 2933 1581 2998 nore

321 3040 354 3106 ct
376 3038 493 3106 fructus
516 3039 626 3126 ignoti.

409 3161 519 3228 Hotit
542 3163 575 3228 in
597 3163 707 3230 rivulis
729 3162 848 3247 frigidis
870 3165 909 3230 ad
933 3161 987 3228 Col
1009 3165 1047 3229 dc
1070 3163 1232 3248 Groponio
1262 3161 1345 3228 iufra
1367 3161 1471 3228 lacum
1493 3153 1580 3226 lateris

322 3265 467 3334 occident.
490 3287 531 3334 m.
553 3268 732 3334 Malodetto
751 3268 996 3352 Pyrenaeorum,
1024 3268 1076 3333 ubi
1098 3267 1137 3333 cl.
1160 3266 1312 3334 corum
1333 3285 1418 3332 auno
1444 3262 1522 3332 ¹873
1540 3259 1580 3324 dc-

321 3370 399 3437 texit
420 3373 453 3437 et
473 3371 608 3455 pulchris
630 3371 844 3455 speciminibus
867 3389 916 3436 me
937 3370 1071 3438 donavit.

340 3586 352 3642 t
406 3476 748 3645 {ttirpsfdistinctissima
771 3503 832 3560 tam
854 3500 1022 3576 plantarum
1043 3498 1220 3576 gracilitate,
1243 3517 1329 3574 qnam
1351 3498 1489 3560 foliorum
1507 3497 1580 3558 fon

322 3600 337 3641 e
374 3601 404 3644 re
420 3601 466 3644 scu
481 3603 498 3646 a
514 3603 587 3647 rone.

707 3779 756 3837 67.
787 3780 956 3850 Ηῃιιιιιιι
977 3778 1209 3848 norvegicum.

721 3901 853 3962 Limuob.
876 3918 994 3978 norreg.
1017 3901 1116 3978 Bryol.
1139 3917 1198 3960 eur.

409 4029 522 4111 Minus,
545 4034 745 4116 prostratum,
768 4033 918 4112 redicens,
941 4032 1070 4098 ramulis
1093 4031 1236 4100 brevibus
1258 4031 1380 4098 erectis.
1411 4029 1500 4098 Folia
1514 4023 1577 4092 uude

322 4151 379 4214 que
394 4134 534 4216 patentia
548 4137 597 4203 vel
613 4136 811 4215 submounda,
834 4139 937 4216 ovata,
953 4137 1138 4214 acuminata,
1153 4135 1281 4214 mutim,
1304 4134 1486 4202 tenuissime
1499 4129 1578 4198 cies

323 4237 400 4315 tata,
423 4237 489 4304 basi
512 4239 670 4319 aumutia,
698 4240 799 4307 laxius
822 4242 918 4317 terta,
940 4241 978 4308 ad
1001 4240 1129 4325 angulos
1151 4241 1210 4306 reti
1233 4237 1422 4322 reclaugulo.
1467 4231 1577 4318 ceput

321 4341 420 4408 ovalis
443 4344 476 4408 et
498 4343 639 4429 oblonga,
661 4363 772 4412 cernua
792 4349 825 4412 et
847 4345 1113 4423 subhorizontalis,
1135 4343 1276 4427 operculo
1292 4361 1407 4428 magno
1423 4333 1577 4408 maudiut

323 4445 434 4511 annulo
456 4445 529 4514 leto.
574 4446 793 4515 Peristomium
815 4449 928 4516 minus.
972 4443 1499 4533 Bry01.eur.v01.vl,rabono.
1631 4471 1632 4549 p

410 4566 518 4632 Hodie.
538 4567 570 4634 in
587 4569 699 4636 rivulis
710 4571 801 4637 callis
818 4571 1121 4637 Guldtrondedolea
1136 4567 1319 4653 Norvegiae,
1335 4569 1390 4634 ubi
1404 4569 1479 4634 clar.
1494 4565 1576 4630 Burn

323 4670 402 4755 legit
424 4672 457 4737 et
478 4673 574 4738 amice
598 4675 844 4742 communicavit.
