3208 5214
586 281 753 338 Weiaiaoeaa
1266 286 1307 352 79

65 454 177 518 obsoleta
195 447 385 532 denticulata,
408 454 530 520 cellulis
552 453 721 537 apicalibna
743 458 905 541 angustia:
928 459 1159 542 perichaetialia
1180 460 1219 525 ad
1241 479 1306 525 rne-

64 555 130 619 diam
144 557 321 640 vaginantia
344 557 452 624 dehinc
474 558 507 623 in
521 558 649 644 longam
665 560 795 626 aristam
810 559 975 628 flexuosam
991 565 1143 630 exeuntia.
1171 562 1305 645 Capsula

65 659 161 723 ninuta
180 679 197 723 a
217 660 355 726 doliorum
377 661 643 744 periohaetialium
666 663 764 729 arista
787 666 940 747 superata,
963 667 1305 743 camerancensi,

67 761 174 838 iulrella,
194 763 327 842 astricta,
351 765 433 831 sicea
454 765 552 830 laevis
575 766 632 831 sub
647 785 699 831 ore
712 766 844 832 dilatato
859 767 971 834 leniter
985 759 1162 836 constricta
1197 771 1305 836 Annu-

69 863 106 926 lm
123 883 135 928 e
150 867 250 949 duplici
272 867 350 934 serie
371 867 555 934 cellularum
577 870 760 934 exstructus.
806 869 983 936 Paristomii
1013 871 1121 938 dentes
1151 871 1183 936 in
1214 891 1304 938 crura

71 966 138 1050 longa
155 970 285 1036 mbulata
307 971 394 1048 lissi,
424 971 542 1037 humidi
569 971 701 1049 incurvi,
732 970 804 1038 sicci
833 973 980 1040 radiatim
1001 974 1193 1060 divergentes
1217 975 1304 1040 sele

73 1069 121 1132 basi
137 1071 302 1138 honzontali
323 1075 575 1141 erecto-incurvi.
619 1076 722 1159 Bryol.
742 1095 806 1142 eur.
841 1076 909 1142 Vol.
925 1078 951 1156 Ι,
973 1078 1049 1142 uad.
1065 1077 1117 1144 86.

72 1190 209 1260 dierorum
224 1198 391 1279 fmoedam
415 1199 503 1264 caule
524 1215 655 1276 ramoso,
680 1198 761 1263 loliis
784 1197 912 1264 setaceis
930 1199 1071 1264 secundis
1094 1198 1301 1278 unicornibus,

148 1301 258 1381 capsula
277 1302 442 1366 turbinata
465 1299 584 1366 sulcata
604 1303 698 1366 recta.
728 1300 827 1366 annu
842 1301 925 1368 Flor.
942 1302 1021 1368 Brit
1035 1303 1093 1380 111,
1116 1321 1189 1386 pag.
1209 1301 1300 1368 1209.

96 1399 126 1484 ,0.
143 1401 258 1468 Macran
278 1404 411 1488 Synops.
457 1405 582 1468 Huncin
606 1404 718 1470 Sland.
742 1405 788 1469 Fl.

72 1505 158 1570 ,draca
174 1507 290 1589 seducite
313 1510 374 1573 Bn.
399 1510 432 1572 et
454 1507 527 1574 Sca.
551 1508 654 1590 Bryol.
678 1527 741 1576 eur.
788 1507 888 1576 Wrrs.
911 1509 1014 1593 Bryol.
1038 1512 1117 1576 Brit.

78 1603 163 1671 lidda
179 1611 307 1691 dmiccc
330 1613 422 1677 Nuus
445 1613 477 1675 et
499 1611 658 1676 Honuscn.
682 1611 786 1693 Bryol.
810 1630 906 1695 germ.

134 1710 222 1776 Hadid.
235 1714 271 1780 ad
285 1716 406 1780 teriam
421 1713 579 1778 humidam
594 1714 626 1778 et
642 1714 672 1777 in
687 1713 811 1795 rupium
833 1715 953 1780 fissuris
968 1714 1099 1780 madidis
1123 1734 1176 1797 per
1197 1717 1297 1801 regio·

70 1829 121 1876 nen
137 1817 306 1900 subalpinam
329 1837 431 1900 nsque
454 1817 486 1881 in
508 1817 735 1899 aupraalpinam
759 1836 852 1884 zonae
875 1817 1123 1901 septentrionalis
1146 1821 1179 1882 et
1201 1818 1300 1884 inter-

70 1916 172 1994 mediam
195 1923 392 2002 pulcherrime
414 1921 445 1985 in
469 1937 561 1986 arena
582 1940 661 2003 aqua
676 1940 693 1986 e
709 1921 778 1987 niue
801 1922 952 1988 defluente
974 1922 1107 1988 irrorata
1128 1923 1168 1988 ad
1190 1924 1298 2004 pedem

69 2035 99 2079 n.
117 2020 272 2088 &madan
293 2023 474 2107 Norsegiae
495 2023 567 2108 legi,
590 2026 744 2090 caeterum
768 2026 798 2088 in
815 2025 887 2107 Alp.
909 2025 1080 2110 norvegicis
1103 2026 1194 2108 inque
1217 2026 1298 2108 Lap-

69 2123 149 2199 pouiae
165 2129 193 2190 et
210 2127 409 2194 Finnlandiae
438 2127 594 2209 paludosis
624 2128 740 2194 lectum
771 2147 890 2194 mecum
921 2129 1181 2194 communicavere
1207 2130 1296 2196 clarr.

68 2222 152 2303 Brun,
172 2229 322 2310 llrcrmu,
348 2233 536 2309 Anusundar,
559 2230 732 2310 Lunenses,
754 2231 935 2308 Lmnannc3
958 2231 990 2295 iu
1013 2231 1135 2297 Scotiae
1156 2234 1189 2298 et
1206 2231 1298 2298 Com-

66 2327 193 2400 brcrrll'ac
212 2337 276 2418 Alp.
298 2337 471 2420 (wasers),
493 2335 674 2417 praeprimis
701 2333 733 2399 in
760 2353 878 2400 summo
902 2355 942 2399 m.
965 2335 1132 2412 Socration,
1155 2335 1206 2428 ubi
1232 2337 1297 2418 ipse

64 2432 228 2511 enodatae
253 2439 326 2523 legi;
361 2439 395 2502 in
424 2457 544 2503 summa
568 2438 716 2502 Paatcrze
744 2438 805 2519 alp.
828 2437 998 2521 salisburg.
1022 2438 1074 2522 (cl.
1097 2439 1233 2524 Barna),
1264 2438 1296 2504 iu

64 2551 153 2601 summo
172 2543 317 2608 Gmadein
341 2542 532 2626 Pinagouiae
555 2541 719 2625 (Sauara),
751 2542 783 2604 in
806 2541 877 2623 Alp.
901 2541 998 2608 rhaet.
1021 2560 1068 2622 pr.
1092 2541 1295 2606 Scdworzcn-

63 2634 131 2720 dep·
154 2643 181 2708 iu
206 2645 299 2712 Ticini
327 2647 411 2727 Alpe
443 2644 645 2730 Taptiaserro
676 2662 770 2726 supra
797 2645 901 2708 Reice
931 2643 1228 2730 (Res.0aansu1r)‚
1262 2645 1293 2710 in

64 2741 122 2804 ualle
139 2747 261 2830 d’llynea
282 2751 396 2833 Pyran.
420 2749 531 2814 orient.
555 2749 724 2832 (Raurau);
750 2747 782 2811 in
803 2748 970 2831 Pyrenaeis
994 2748 1122 2814 central.
1145 2748 1290 2832 (Suanos,

64 2839 167 2925 liceum,
185 2850 354 2937 Gouumn);
377 2851 411 2916 in
425 2870 492 2932 rup.
509 2851 623 2934 granit.
639 2849 748 2915 lateris
770 2849 937 2916 or.-merid.
959 2850 1016 2916 loci
1035 2853 1152 2916 Graece
1169 2851 1294 2916 Seduce-

60 2949 131 3022 drste
147 2951 315 3022 Sudetornm
337 2957 550 3041 (arannem).
595 2955 633 3018 In
655 2953 798 3020 Amorica
822 2957 912 3036 sept,
943 2975 961 3020 e
983 2953 1175 3020 Grdnlandia
1197 2974 1291 3037 usque

63 3047 84 3112 iu
99 3056 182 3121 comit.
204 3059 463 3138 Moasacdauasets,
485 3057 537 3123 nui
559 3058 594 3124 L.
617 3057 826 3132 Lusuuuasux
850 3057 939 3142 legit,
962 3057 1113 3139 provenit.

123 3159 213 3226 Fracd.
235 3173 349 3230 meatur.
372 3165 504 3229 aestate.

120 3287 187 3349 Folia
206 3293 372 3368 longissime
396 3293 476 3351 rulo-
499 3309 564 3350 raro
581 3291 818 3358 viridi-arietata,
841 3289 960 3360 falcata,
982 3290 1175 3364 perigenialia
1198 3291 1228 3350 iu
1243 3307 1292 3350 sn·

59 3365 129 3430 holan
151 3379 323 3452 excedentia,
353 3378 476 3454 capsula
506 3379 620 3438 omuino
650 3379 775 3436 estriata
804 3377 881 3436 sicca
908 3376 1115 3450 deoperculata
1144 3378 1292 3436 urceolata

58 3451 122 3514 laun
145 3463 184 3522 rel
212 3467 413 3541 irregulariter
441 3465 570 3532 sulcata,
604 3463 766 3538 peristomii
798 3464 900 3523 dentes
928 3463 1114 3538 angustiores
1144 3464 1292 3522 tenuiores

59 3537 114 3600 tiddj
132 3549 248 3611 siccitate
271 3553 494 3612 horizontalitcr
517 3551 619 3624 patuli,
642 3568 746 3625 sperae
763 3549 881 3608 dimidio
897 3551 1022 3608 minores
1037 3549 1135 3608 laeves
1159 3550 1290 3623 plantam

57 3619 109 3684 hanc
126 3637 242 3706 maduca
266 3659 285 3698 a
307 3643 449 3713 manante
472 3639 629 3696 removent.

379 3832 410 3885 a.
447 3829 637 3885 Dior-anum
658 3825 924 3896 hyperbol-eum.

452 3952 560 4025 Brynm
583 3950 704 4024 hyperb.
728 3948 859 4007 (innuen.

116 4072 230 4144 Plantae
253 4079 343 4161 paulo
366 4079 554 4146 robustiores
577 4081 608 4144 in
630 4077 816 4160 caespitulos
838 4076 964 4159 fragiles
987 4074 1160 4159 congestae.
1200 4073 1287 4140 Folia

53 4172 167 4252 auctu,
186 4180 333 4261 breviora
355 4184 482 4261 latiora,
505 4183 591 4264 apice
613 4183 751 4265 integra,
774 4182 859 4246 costa
882 4179 1019 4245 tenuiore
1041 4179 1092 4243 six
1115 4179 1286 4254 excedente,
1326 4239 1331 4248 .

51 4274 92 4336 nti
110 4284 247 4362 superiora
269 4287 405 4353 breviore
427 4287 646 4369 subquadrato,
669 4283 796 4351 basilari
824 4281 923 4348 medio
946 4281 1137 4366 rectangulo,
1160 4279 1284 4344 laterali

50 4377 176 4452 dadau.
217 4388 316 4456 Flora
334 4389 465 4456 masculi
487 4390 689 4473 perigenialia
711 4388 823 4453 latiora
839 4385 973 4453 breviter
988 4384 1154 4468 spiculata,
1177 4381 1286 4448 anthe·

49 4477 105 4544 ridir
119 4485 255 4572 longiora.
296 4491 430 4577 (lapsula
445 4493 476 4557 iu
497 4491 645 4574 pedicello
667 4489 754 4557 brevi
776 4508 879 4556 crasso
901 4507 1019 4554 emersa
1039 4485 1138 4570 major
1160 4484 1287 4550 solidior

46 4587 297 4672 anuntio-striata,
323 4596 406 4662 sicca
427 4594 609 4680 regendariter
633 4594 767 4672 sulcata,
799 4593 858 4658 reti
879 4590 1016 4676 longiore
1037 4587 1202 4666 crassiore,
1232 4586 1286 4654 de-
