3358 5254
848 329 1014 404 Hypnaceae.

747 535 902 604 Pylsisis
923 537 1124 606 polyantha.

688 657 827 732 Hypnnm
850 657 1028 732 polyanthos
1051 659 1176 718 Soanas.

247 856 249 863 ,
380 785 467 853 llolis
490 785 745 870 erecto-patentia
768 787 817 852 uel
841 786 983 860 secunda.
1007 786 1069 852 late
1091 787 1263 853 lanceolata
1285 789 1318 853 et
1339 788 1435 873 longe
1457 792 1568 856 acumi-

292 893 377 969 natn,
399 890 609 974 integerrima.
641 889 773 973 Capsula
796 890 1144 976 oblongo-cylindracea,
1166 895 1297 976 anguste
1313 891 1472 972 annulata,
1494 895 1569 960 rnio

293 995 387 1061 fusca.
433 995 610 1061 Peristomii
639 1013 800 1080 processus
831 996 863 1060 in
885 997 989 1063 canna
1012 995 1088 1074 lissi,
1111 1014 1181 1062 raro
1204 993 1301 1073 bifidi,
1323 996 1398 1062 cilia
1420 998 1568 1063 snbnnlla

294 1099 399 1186 Bryol.
422 1119 484 1166 sur.
507 1100 578 1167 Vol.
605 1099 640 1180 V,
663 1099 739 1167 Tab.
762 1099 837 1166 455.

294 1221 450 1308 Hypnum
473 1221 621 1288 sericeum
636 1221 788 1288 ramosins
804 1224 837 1288 et
850 1220 985 1300 tenuius,
1008 1221 1142 1308 capsulis
1157 1220 1354 1288 acuminatis.
1384 1223 1474 1288 Dm.
1491 1223 1569 1290 Hiat

402 1326 500 1393 Musc.
523 1345 553 1410 p.
578 1324 653 1406 327,
675 1329 700 1393 t.
724 1325 777 1407 la,
799 1327 821 1393 f.
847 1325 899 1393 62.

295 1431 417 1498 Lcskea
433 1430 612 1518 polycratico
633 1430 745 1497 Hunni.
768 1431 864 1514 Stirp.
888 1429 952 1508 IV.
981 1448 1012 1513 p.
1034 1428 1075 1508 4,
1108 1431 1133 1496 t.
1156 1429 1187 1496 2.
1231 1430 1322 1497 Bam.
1353 1431 1462 1516 Bryol.
1492 1431 1568 1496 nnir.

402 1534 528 1600 Hasna.
553 1533 666 1600 Skand.
689 1534 737 1600 l'l.
767 1535 816 1600 Du
837 1532 917 1600 Non.
941 1532 1019 1617 Syll.
1051 1532 1184 1599 Wmson
1206 1533 1310 1618 Brycl.
1334 1534 1416 1601 Brit

252 1673 257 1680 ·
295 1639 451 1726 Hypasim
484 1637 671 1724 polycraticus
708 1637 843 1704 Somnus.
881 1635 986 1721 spicil.
1031 1636 1132 1706 Hoox.
1167 1639 1199 1703 et
1227 1637 1324 1704 Turn.
1358 1637 1460 1706 Μῦες.
1492 1639 1567 1706 Brit

404 1741 438 1808 0.
455 1741 589 1808 Munera
612 1741 742 1826 Synops.

295 1847 442 1934 Pyloieia
457 1845 636 1931 polyontlro
658 1844 717 1911 Ba.
740 1846 772 1910 et
794 1843 869 1911 Son.
893 1843 999 1930 Eryci.
1021 1863 1085 1911 eur.
1116 1844 1165 1910 Du
1187 1843 1307 1911 Norae.
1332 1843 1415 1929 lipil
1447 1846 1567 1912 iluna.

382 2069 491 2137 Hauc.
513 2071 553 2138 ad
574 2071 719 2138 arborum
741 2071 962 2153 campestrium
984 2071 1126 2150 euneos,
1148 2071 1188 2136 acl
1209 2069 1296 2154 ligna
1317 2069 1501 2152 fulmincis,
1522 2089 1568 2136 ra·

293 2177 359 2242 rius
382 2176 421 2243 ad
444 2195 518 2242 saxa
539 2178 572 2242 et
593 2193 699 2242 muros
721 2195 775 2259 por
797 2174 951 2260 regionem
974 2177 1178 2260 campestrem
1200 2173 1296 2240 totius
1319 2173 1479 2259 Europam
1507 2195 1568 2242 om·

294 2282 381 2348 nium
403 2281 466 2348 iero
487 2280 716 2366 vulgatissima.

384 2387 494 2452 Fract.
518 2393 635 2451 motor.
658 2387 829 2464 auctumno
851 2384 975 2470 hyeme;
999 2383 1117 2450 fructus
1139 2382 1354 2467 copiosissimi.

383 2515 425 2574 el.
447 2515 571 2574 umisa
594 2515 679 2574 raldo
703 2516 783 2574 errat
804 2531 868 2574 cum
891 2513 1052 2592 Pylai-siam
1074 2512 1289 2572 letnmncllom
1315 2515 1450 2574 nostram
1473 2513 1568 2572 meri·

298 2619 401 2663 canam
424 2605 453 2661 et
476 2601 576 2680 Hypo.
599 2604 802 2678 resupinatum
823 2601 922 2673 Turn..
945 2603 982 2661 ad
1005 2601 1081 2660 hano
1103 2599 1229 2674 spacium
1251 2599 1351 2659 refert.

683 2820 763 2900 een
787 2825 821 2901 4.
862 2821 1177 2921 Oplindrothsoinm.

796 2968 863 3028 Son.
886 2967 985 3045 Bryol.
1009 2985 1068 3028 cnr.

385 3098 516 3164 Plantae
539 3097 695 3181 speciosae
715 3097 779 3165 late
801 3099 1017 3183 acceptantes,
1039 3099 1189 3165 demissae
1212 3098 1260 3164 rel
1275 3099 1407 3179 encoma,
1431 3098 1502 3182 plns
1515 3097 1570 3164 mi-

295 3221 351 3268 nus
374 3203 519 3268 distincte
540 3201 696 3287 pinnatim
718 3204 900 3283 ramquaae,
923 3203 1310 3271 fasciculatoradiculosao
1332 3203 1383 3270 vel
1404 3201 1571 3270 eraclionlo-

293 3325 354 3374 sae.
400 3306 489 3374 Folia
510 3307 647 3374 conferta
669 3306 785 3372 arctius
807 3307 944 3374 leniusve
966 3308 1181 3390 complanata,
1215 3324 1286 3373 raro
1309 3305 1444 3390 undique
1466 3309 1571 3390 palen

293 3412 348 3489 tis,
372 3411 553 3491 latiuscula,
586 3413 679 3478 ovata
701 3413 733 3476 et
754 3411 1016 3498 orato-oblonga,
1038 3412 1213 3478 acuminata
1236 3409 1285 3476 rel
1308 3411 1443 3490 metica,
1465 3411 1571 3477 heria.

293 3513 531 3594 senoco-nitida,
554 3515 700 3593 eoostata,
723 3489 932 3600 integerrima,
954 3534 1009 3598 pro
1033 3517 1167 3582 maxima
1189 3515 1277 3599 parte
1298 3513 1382 3582 laete
1396 3517 1431 3582 et
1446 3535 1464 3582 e
1479 3513 1572 3580 luta·

292 3619 380 3682 cente
402 3615 523 3696 viridia,
547 3616 605 3683 reti
629 3617 869 3702 angustissimo,
891 3617 1012 3698 lineari,
1033 3617 1073 3685 ad
1094 3617 1179 3684 basis
1201 3617 1332 3702 angulos
1355 3617 1477 3684 minuis
1499 3635 1570 3700 qua·

293 3723 392 3787 drato.
438 3719 665 3787 Perichaetium
686 3721 719 3786 in
740 3722 859 3789 ramulo
883 3723 969 3789 breui
991 3723 1148 3790 recreante
1170 3721 1249 3788 satis
1271 3721 1475 3806 elongatum.
1509 3721 1571 3786 lus

293 3822 501 3891 imbricatum.
547 3823 695 3909 Calyptra
725 3843 858 3910 magna,
893 3827 1047 3892 cucullata
1074 3827 1108 3892 et
1136 3823 1306 3892 dimidiata.
1352 3823 1490 3910 Cupsnla
1510 3825 1569 3891 altr

293 3926 489 4012 pedioellata‚
524 3927 669 4012 elongata
691 3932 724 3995 et
746 3928 940 4014 cylindraeea
963 3929 1054 4013 (unde
1076 3946 1186 3995 nomon
1209 3927 1364 4014 generis),
1395 3930 1502 3996 mollis
1524 3925 1567 3992 sel

293 4033 487 4100 mediocriter
507 4032 625 4111 solida,
652 4034 791 4118 operculo
813 4035 917 4101 conice
940 4035 989 4100 vel
1011 4033 1145 4101 breviter
1166 4033 1387 4117 obliquirostri.
1433 4035 1568 4100 Periste-

292 4137 388 4203 mium
411 4135 685 4220 pessumdantes
708 4155 801 4221 nsque
823 4137 903 4205 infra
923 4139 1066 4222 capsulae
1087 4137 1238 4205 orificium
1253 4137 1357 4215 liberi,
1380 4137 1566 4204 lineali-lan

291 4239 403 4307 ceolati
425 4241 459 4306 et
480 4242 585 4306 exacte
607 4239 745 4322 lineales,
768 4245 884 4308 remote
907 4243 1085 4322 articulati,
1109 4241 1195 4308 intus
1217 4240 1355 4308 obsoleto
1378 4239 1568 4310 mamati

293 4345 325 4410 in
352 4343 755 4431 lineadirisuraliintegri
778 4344 985 4430 valpertum,
1017 4345 1224 4426 lucrantes,
1256 4343 1308 4412 rix
1341 4343 1567 4432 hygnnseeplci:

291 4465 450 4534 processus
473 4447 595 4515 omnino
617 4447 709 4515 liberi
730 4449 782 4516 rol
802 4450 981 4518 membrana
1002 4448 1131 4518 basilm'i
1152 4447 1378 4535 angustissima
1408 4445 1568 4534 conjuncti.

291 4549 433 4620 dentibus
455 4551 640 4638 aequilongi,
663 4552 695 4618 in
717 4553 822 4621 carina
843 4553 958 4640 integri
979 4554 1029 4621 rel
1051 4551 1251 4620 dehiscentes.
1282 4551 1399 4636 Sporae
1422 4553 1562 4626 nausa

291 4654 578 4742 rurorerrogincne.
