3434 5234
280 257 346 328 290
821 252 1023 314 cranam

279 434 534 520 Bracsyseoam
550 433 770 520 polypkyllum
793 434 998 518 (Rucuma.)
1018 433 1052 500 C.
1072 435 1209 500 litum
1232 435 1366 520 Synops.

365 539 475 604 iacis
503 538 535 604 in
566 539 648 604 saxis
676 541 709 606 et
738 539 838 603 muris
864 537 954 602 siccis
984 537 1098 604 siliceis
1130 540 1268 624 regionis
1296 545 1483 618 montanae,
1517 563 1576 627 per

277 645 377 710 iotam
399 643 555 726 Europam
578 642 749 726 sporadice:
779 642 813 708 iu
834 641 950 726 Vogesi
980 643 1147 724 superioris
1169 647 1201 708 et
1225 644 1468 730 sylvae-nigrae
1493 668 1575 712 son-

277 747 410 814 rallibus
431 747 592 830 praecipue
612 747 652 812 ac
674 765 751 814 sara
771 749 803 812 et
825 766 928 812 muros
951 747 1106 832 grauitim
1129 767 1216 814 scens
1240 751 1310 814 rias
1330 751 1471 834 publicas
1493 772 1572 834 pro-

277 851 378 930 venia
400 869 551 934 nusquam
572 850 724 933 copiosius
746 853 795 915 est
816 869 908 932 quam
931 852 963 916 in
985 851 1135 918 Neustria
1156 872 1251 935 prope
1272 853 1350 918 lire
1373 859 1405 920 et
1422 855 1571 934 Fuluiae,

276 957 308 1024 iu
331 955 487 1022 montanis
508 954 698 1032 Britanniae,
722 954 904 1038 praeprimis
927 953 1176 1022 Cambroralliae
1196 959 1228 1021 et
1252 957 1386 1024 Scotiae

367 1059 476 1125 Fraet.
498 1065 616 1124 aratur.
639 1059 758 1143 hyeme.

364 1169 462 1230 Caelis
484 1169 695 1245 longitudinem
719 1169 933 1228 semiuncialem
956 1171 993 1228 ad
1010 1169 1332 1248 binncialemattingit,
1354 1176 1479 1249 capsula
1500 1177 1568 1234 lon-

278 1257 343 1333 gior
365 1257 410 1316 rei
433 1257 548 1316 brevior
570 1257 757 1331 conspicitur,
780 1261 925 1314 caeterum
949 1275 1052 1330 parum
1074 1259 1181 1316 variat.
1225 1260 1261 1317 ln
1284 1261 1401 1319 Galliae
1428 1265 1568 1322 meridio-

278 1343 354 1405 italis
378 1344 526 1419 provincia
549 1344 683 1421 Aseyron
707 1361 795 1418 prope
819 1343 966 1402 Cercetius
986 1343 1108 1404 iormam
1131 1346 1341 1418 brevicaulem,
1364 1351 1487 1422 capsula
1510 1352 1567 1409 ab·

278 1431 412 1492 breviata
434 1448 548 1506 semper
570 1429 630 1490 lere
653 1431 786 1490 solitaria
808 1429 877 1504 lagi.

627 1595 759 1682 Subgen.
783 1596 814 1662 2.
859 1595 1205 1681 Brachpstelenm.

366 1737 497 1806 Plantas
518 1736 706 1816 humiliores,
729 1733 933 1818 pulvinantas,
955 1735 1039 1800 iuliis
1062 1736 1254 1803 brevioribus
1270 1738 1413 1824 integris,
1437 1739 1562 1807 floribm

278 1842 425 1909 masculis
447 1841 479 1906 iu
494 1841 635 1908 loliorum
652 1839 843 1923 superiorum
859 1839 971 1922 axillis,
986 1840 1129 1922 capsulae
1144 1841 1314 1922 solitarias,
1337 1844 1459 1910 breuius
1476 1847 1562 1928 pedi-

278 1947 426 2026 collatac,
459 1945 631 2029 peristomii
660 1945 767 2011 denas
796 1944 879 2010 linea
909 1943 1071 2009 divisurali
1093 1947 1194 2010 notati
1217 1946 1340 2032 integra
1363 1949 1411 2013 rei
1436 1953 1560 2031 pertusa

278 2051 331 2118 sed
352 2050 435 2117 haud
457 2053 524 2116 tota
546 2049 738 2135 longitudine
760 2047 869 2114 divisa.

637 2249 669 2305 a.
698 2245 992 2316 Ptyahomltrium
1013 2245 1197 2317 nigricans.

686 2369 913 2429 Macromitrium
935 2369 1011 2445 nigr.
1034 2371 1145 2428 Kurra.

363 2499 568 2568 Praecedcntc
582 2498 694 2578 miuus,
717 2500 804 2566 sauls
827 2499 876 2566 vir
898 2500 1027 2566 cautim.
1046 2501 1061 2565 1
1081 2501 1158 2580 alto,
1174 2501 1358 2584 simpliciter
1373 2503 1555 2572 dichotomo.

277 2605 366 2672 Folia
388 2605 480 2671 dense
502 2605 648 2684 conferta,
673 2604 796 2670 humida
818 2604 957 2687 patentia
979 2605 1148 2688 leviterque
1171 2626 1293 2672 sursum
1315 2611 1456 2688 curuata,
1478 2610 1556 2675 sicca

276 2708 337 2776 alis
364 2707 511 2775 involutis
542 2707 668 2774 hamata
698 2707 746 2773 vel
777 2708 845 2775 lare
874 2707 1029 2788 involuta,
1059 2727 1076 2774 a
1107 2710 1176 2775 basi
1205 2711 1337 2796 oblonga
1368 2712 1556 2798 longiuscula

277 2811 580 2891 lineali-lancsolata,
596 2811 677 2878 haud
693 2811 821 2892 sulcata,
844 2830 972 2896 superus
988 2812 1185 2880 subcmiuata
1199 2814 1340 2899 margine
1355 2817 1457 2894 recto;
1473 2819 1555 2882 costa

278 2917 391 2998 valida,
415 2916 522 2996 solida,
545 2916 724 2996 semitereti,
747 2916 867 2984 cellulis
889 2916 1038 2984 medianis
1062 2917 1193 2984 caeteris
1217 2921 1413 3004 perangustis
1436 2921 1556 2986 chloro-

280 3021 430 3108 phyltosis
461 3021 626 3090 laxioribus
660 3020 775 3088 vacuis.
820 3021 926 3086 Florus
948 3021 981 3088 in
1005 3021 1147 3088 loliorum
1169 3022 1359 3104 superiorum
1382 3025 1487 3091 axillis
1510 3027 1557 3091 vel

280 3127 318 3197 ad
341 3125 429 3194 basin
452 3125 614 3211 uaginulae
637 3144 726 3208 saepe
749 3124 863 3205 binati,
887 3125 1004 3192 minute
1025 3124 1267 3209 gemmiiormss,
1291 3127 1484 3212 tetraphyili,
1507 3149 1556 3194 rn-

279 3233 346 3300 suli.
391 3229 616 3300 Perichastium
647 3249 755 3316 parum
783 3229 981 3308 distinctum,
1013 3228 1094 3295 foliis
1123 3227 1243 3295 intimis
1266 3231 1399 3310 erectis,
1427 3237 1556 3317 angusta

279 3335 452 3406 localibus.
484 3335 632 3420 Calyptra
653 3334 692 3400 ad
714 3333 847 3400 madiam
868 3334 1027 3416 capsulam
1049 3333 1207 3416 producta,
1230 3331 1393 3418 pluriloba.
1426 3335 1554 3420 Capsula

279 3441 429 3526 oblonga,
452 3439 560 3520 lusca,
582 3438 716 3523 operculi
739 3440 842 3505 rostro
863 3438 947 3503 recto
971 3436 1127 3518 subulato,
1150 3438 1263 3504 annulo
1286 3439 1353 3504 lato
1375 3442 1554 3524 composito.

279 3543 459 3614 Poristomii
481 3543 589 3610 dantes
613 3541 804 3610 mediocriter
834 3540 938 3628 longi,
975 3542 1106 3626 angusto
1137 3541 1444 3623 lineali-lanceolati,
1477 3545 1554 3610 liusa

279 3647 439 3716 divisuraii
463 3649 561 3716 notati
578 3647 629 3714 ssd
646 3646 727 3713 haud
742 3645 846 3726 divisi,
870 3645 958 3711 valde
974 3644 1273 3730 hyalino-papillosi,
1296 3647 1450 3714 rubentes.
1481 3649 1555 3732 Spo-

280 3771 332 3822 ras
354 3751 448 3834 ruins,
472 3751 681 3835 punctulatne,
706 3750 768 3818 illis
791 3749 1001 3834 praecedentis
1025 3748 1116 3832 duplo
1138 3748 1282 3834 majores.

281 3875 536 3942 Macromitrs'om
560 3877 737 3961 niprcscens
759 3875 791 3940 st
813 3873 1014 3938 Miserarum
1032 3871 1144 3936 Knnzn
1167 3871 1200 3936 in
1214 3870 1308 3937 Flora
1327 3871 1421 3952 1830,
1445 3873 1553 3956 pais.

280 3979 535 4066 Brcctysteleum
560 3980 731 4067 pulvinare
763 3977 887 4044 Minoas
918 3975 1057 4043 Contrib.
1089 3977 1123 4042 to
1153 3975 1207 4043 the
1230 3975 1337 4060 Crypt.
1361 3976 1409 4042 sl.
1442 3979 1478 4044 oi
1496 3979 1554 4044 at-

367 4083 522 4154 lant.1si.

366 4207 475 4274 Halo.
498 4209 530 4275 in
553 4208 703 4296 Aigaruia
732 4205 771 4274 ad
798 4222 871 4272 sara
893 4201 1047 4288 granitiua
1069 4201 1197 4270 humida
1220 4201 1368 4269 mavultis
1392 4204 1433 4268 do
1456 4203 1552 4270 tadu
1694 4183 1695 4228 ἦ

279 4309 317 4376 ‹lc
340 4309 525 4399 Mancinique
556 4315 589 4379 st
618 4312 657 4380 ad
684 4329 787 4378 muros
810 4306 952 4376 humidos
982 4306 1226 4374 aurantiatornm
1249 4325 1267 4372 a
1290 4307 1373 4374 saris
1395 4305 1553 4392 gmniticis

278 4415 450 4483 exstructos
481 4437 518 4482 aa
543 4417 675 4497 Cosuss,
704 4413 794 4482 sociis
818 4413 916 4498 Bryis
939 4413 1121 4478 concrimsi
1143 4412 1176 4478 at
1197 4418 1406 4498 torquesceats
1435 4411 1551 4495 (Hera.

279 4517 364 4586 Com.
389 4537 427 4584 rra
449 4517 738 4607 Sonus-Lauasuu).
784 4517 911 4603 Copiosa
939 4516 972 4582 iu
1000 4516 1102 4584 insula
1126 4515 1287 4596 Madeira,
1319 4515 1371 4582 ubi
1404 4516 1444 4581 ul.
1466 4517 1551 4581 ilum

278 4622 394 4712 primns
416 4623 504 4712 legit,
528 4645 582 4694 nec
605 4647 665 4696 non
688 4626 719 4692 iu
741 4624 800 4690 ins.
830 4621 987 4705 Teneriffu
1012 4621 1174 4710 (Mausos,
1196 4619 1246 4686 Dr
1267 4620 1377 4700 Parus,
1401 4621 1550 4710 llussort
