3290 5214
628 291 804 354 introductio.
1291 299 1356 368 XIX

86 463 195 530 temam
217 467 407 532 structuram
431 467 615 550 Ferrarius,
648 471 872 555 Burtruruiue,
906 473 1143 558 Burbuumiue,
1174 477 1356 564 Diptyecii‚

87 567 250 650 Polym-ioht
277 588 304 634 e.
329 590 371 634 m.
395 589 423 634 a
453 573 484 637 et
517 591 576 638 uon
599 573 683 640 ultra
705 576 742 642 de
764 577 908 660 capsulae
930 579 1050 662 proprie
1073 581 1118 646 sic
1140 581 1240 648 dictae
1263 585 1355 668 atque

86 672 231 754 sporangii
253 672 405 738 distincta
428 675 528 740 indole
551 676 744 744 dubitabunt.

162 773 364 860 Sporaogium
387 779 531 860 capsulae
546 780 655 862 parieti
671 782 794 848 interno
809 784 1048 870 columellaeque
1064 789 1218 854 maulam
1234 790 1355 874 dicium,

86 877 149 942 dum
179 879 266 962 lmJ'us
295 881 442 964 illiusque
480 883 599 948 cellulis
635 885 704 950 tota
741 885 900 970 superficie
936 888 1131 972 conjunctum
1168 893 1356 976 conspicitur

87 983 251 1062 (eadredo,
269 983 465 1067 Pressuram
487 987 629 1068 capsulae
647 991 838 1076 contiacum,
861 1010 929 1058 cum
954 993 1196 1078 smaelitarum,
1220 999 1354 1080 spatium

89 1085 192 1151 undum
214 1088 293 1152 inter
318 1108 351 1154 se
375 1089 476 1174 ipsum
499 1093 531 1156 et
554 1093 693 1174 capsulae
716 1094 865 1175 parietem
888 1096 1029 1164 admittit
1051 1099 1187 1182 (Pottio,
1219 1101 1354 1186 Bryum,

91 1188 211 1272 linium,
233 1192 426 1278 Hypnum);
449 1201 540 1258 extus
562 1216 759 1280 suspensum,
782 1217 851 1263 cum
874 1200 1016 1282 capsulae
1032 1203 1064 1266 et
1079 1203 1235 1290 spalangii
1252 1206 1352 1290 parie-

91 1298 130 1356 tes
149 1296 210 1359 tarn
231 1296 323 1381 longe
345 1317 365 1362 a
387 1317 420 1364 se
442 1298 574 1364 inuicem
596 1300 715 1366 distant
737 1304 772 1366 ut
794 1321 855 1368 non
877 1303 938 1370 nisi
955 1304 1018 1370 tilis
1032 1307 1289 1375 transuersalibus
1304 1309 1353 1376 in·

91 1402 132 1459 ter
150 1415 180 1461 se
193 1399 403 1466 cohaesionem
421 1403 589 1483 praebeant
603 1404 817 1487 (Burlromie,
842 1406 1001 1488 Fauorine,
1024 1407 1236 1494 Diphyscium
1251 1431 1277 1478 e.
1293 1415 1352 1500 a.);

92 1503 271 1584 sporaugium
287 1504 414 1570 tandem
431 1507 559 1570 omniuo
574 1527 761 1592 suspensum
776 1509 904 1576 dicimus
928 1529 996 1576 curn
1013 1513 1079 1578 tota
1094 1513 1159 1596 ejus
1175 1517 1353 1602 membrana

91 1603 267 1674 duumuiros
299 1608 399 1674 libera
433 1611 500 1679 tam
524 1612 564 1677 ab
585 1611 652 1694 ipsa
674 1614 801 1696 capsula
823 1633 915 1696 quam
938 1635 957 1682 a
980 1616 1142 1684 columella
1163 1621 1283 1687 remota
1302 1623 1351 1688 est

92 1711 121 1768 nl
139 1709 225 1776 libere
246 1711 328 1776 iuter
351 1731 404 1778 aas
428 1731 579 1796 suspensa
599 1715 738 1782 uideatur
760 1717 1020 1802 (Polytrictum).

166 1811 332 1880 Filameuta
366 1835 445 1898 qnae
478 1835 497 1880 a
528 1817 669 1899 capsulae
699 1821 815 1901 pariete
846 1821 968 1888 interno
992 1825 1023 1888 et
1043 1843 1064 1888 a
1089 1824 1260 1904 columella,
1284 1844 1353 1894 eum

93 1919 268 2000 sporanginm
291 1921 332 1986 ab
355 1939 392 1985 ea
415 1920 526 1998 distet,
549 1921 588 1986 ad
609 1924 766 2007 sporangii
787 1926 999 1992 membranam
1022 1929 1184 2009 penetrant
1208 1928 1255 1994 vel
1279 1930 1354 1995 sinr-

93 2017 293 2100 pluralitem,
317 2041 353 2088 ex
376 2043 438 2088 una
461 2024 541 2088 serie
564 2024 742 2092 cellularum
765 2047 888 2094 succum
909 2029 1070 2096 ferentium
1086 2031 1258 2112 composita
1273 2035 1353 2114 suut,

93 2120 133 2184 sel
151 2123 327 2191 decussatim
351 2146 429 2192 nexa
452 2127 498 2192 ila
522 2129 557 2192 ut
579 2148 652 2210 opus
675 2131 742 2195 laxe
764 2131 940 2198 cellulosum
965 2133 1109 2200 efficiant.

166 2227 198 2290 ln
213 2227 398 2314 Ephemerde
420 2234 453 2295 et
474 2231 545 2298 aliis
571 2232 791 2320 Gleiotocurpis
814 2237 849 2300 ut
871 2237 904 2301 et
924 2236 955 2301 in
971 2239 1187 2302 Aasreoaeeu
1212 2237 1355 2320 capsulae

94 2327 180 2405 paries
201 2331 335 2398 internus
359 2334 462 2399 locum
487 2335 645 2419 sporaugii
666 2337 771 2416 tenet,
804 2338 835 2402 in
858 2339 1024 2405 Aradidiis
1050 2340 1162 2407 cellula
1183 2341 1354 2408 matricalis

94 2447 246 2510 sperarum.

448 2601 474 2670 5.
499 2601 527 2657 4.
566 2601 607 2660 Ile
630 2618 781 2676 sperarum
806 2603 980 2664 evolutione.

166 2744 237 2812 Cum
268 2749 397 2814 sedulas
431 2767 618 2832 sporogeuas
649 2750 882 2832 primordiales,
920 2751 1055 2834 spatium
1083 2751 1164 2820 inter
1195 2753 1350 2838 sporangii

96 2849 279 2917 mantuanam
300 2854 462 2918 externam
485 2853 517 2916 et
540 2853 692 2918 internam
721 2855 923 2936 occupantes,
955 2855 1056 2939 primo
1086 2858 1188 2922 aetate
1219 2857 1350 2924 examini

96 2949 258 3034 submittas,
288 2957 426 3022 stratum
460 2954 586 3036 simplex
614 2957 765 3022 astratis
787 2957 1072 3041 circumjacentibus
1095 2961 1160 3026 tam
1190 2960 1289 3026 forma
1319 2961 1350 3026 et

97 3055 284 3136 magnitudine
305 3058 489 3124 cellularum
511 3077 604 3140 quam
626 3059 726 3124 colore
740 3059 1008 3128 distinctissimum
1025 3061 1219 3126 efformantes
1234 3079 1286 3128 eas
1302 3061 1350 3128 in·
1392 3057 1397 3066 '

98 3157 197 3237 reum
217 3163 345 3230 cellulae
366 3163 426 3228 hae
448 3163 623 3228 matricales
646 3162 859 3244 primordiales
875 3165 932 3230 hoe
947 3167 1084 3247 tempore
1097 3164 1262 3232 latitudine
1276 3165 1351 3232 alti-

98 3259 212 3329 tudinem
226 3267 408 3350 euperantes
422 3265 598 3334 substantia
613 3266 816 3351 mucilaginea
827 3267 1351 3352 chlorophyllosaimpletnereperi·

98 3367 182 3432 untur.

168 3467 237 3538 Cum
258 3473 418 3556 capsulam
440 3473 540 3557 magis
562 3473 747 3554 explicatam
776 3471 1008 3558 investigationi
1030 3471 1191 3555 subjicias,
1222 3471 1350 3538 cellulas

98 3569 174 3636 strati
200 3576 361 3662 aporogeui
390 3593 481 3658 supra
509 3575 666 3660 simplices
695 3576 837 3643 laudatas
868 3576 899 3642 iu
921 3577 998 3642 duas
1021 3575 1070 3642 vel
1092 3576 1223 3658 quatuor
1245 3577 1348 3658 partes

97 3669 192 3742 lirim
212 3679 339 3746 uidebis.
368 3680 499 3746 ameum
521 3679 728 3746 evolutionem
751 3678 928 3745 ulteriorem
951 3679 1119 3756 secuturus,
1142 3677 1269 3746 cellulas
1284 3677 1350 3760 has,

98 3791 159 3854 que
177 3798 252 3848 nunc
273 3781 390 3848 ordinis
412 3782 536 3847 secundi
559 3782 714 3862 dicuntur,
736 3783 841 3850 eodem
864 3783 954 3849 modo
977 3801 1068 3865 quam
1090 3781 1163 3848 illas
1184 3773 1278 3864 primi
1300 3802 1350 3848 or·

98 3875 163 3945 diuis
189 3887 305 3952 secatae
336 3886 522 3968 cellulasque
553 3885 639 3950 tertii
668 3886 782 3952 ordinis
805 3887 983 3952 exhibentes
1005 3885 1157 3962 inveniam
1191 3885 1351 3952 eoellnlis

99 3977 137 4045 his
155 3999 261 4068 sperae
273 3991 359 4074 ipsae
382 3990 588 4072 quaternatim
611 3989 787 4067 nascuntur,
810 3988 929 4072 quade
952 4006 984 4054 re
1007 3987 1186 4054 matricolas
1203 3989 1351 4072 speciales

99 4088 279 4160 nominantur.
324 4093 511 4160 Monendum
535 4095 637 4160 tamen
659 4113 719 4160 non
741 4111 854 4176 paucos
876 4111 944 4160 esse
958 4091 1091 4170 Muscas.
1114 4109 1240 4174 quorum
1256 4091 1352 4158 cellu-

98 4186 137 4254 lsc
161 4198 328 4264 matrimles
350 4196 507 4284 speciales
538 4215 554 4262 e
576 4197 693 4264 cellulis
714 4197 807 4280 primi
829 4197 879 4262 uel
901 4195 1024 4264 secundi
1048 4195 1162 4261 ordinis
1185 4196 1352 4262 nascuntur

99 4291 302 4386 (Platonem,
333 4301 595 4385 archidiacone),
631 4303 663 4368 ot
692 4320 742 4368 eos
772 4299 931 4384 praecipue
962 4299 1014 4382 qui
1044 4297 1143 4382 sporis
1173 4294 1351 4379 majusculis

99 4397 221 4474 ament
1206 4411 1213 4422 '

167 4500 296 4574 Cellulae
318 4507 498 4574 matriculas
522 4506 667 4590 speciales
688 4507 790 4574 mium
812 4511 896 4574 arcte
918 4508 999 4574 inter
1021 4525 1054 4572 se
1076 4505 1240 4572 cohaerent
1260 4521 1352 4586 quam

98 4599 373 4678 clamardum
404 4609 755 4700 praesentiumque
784 4611 822 4676 fit
851 4611 886 4678 ut
916 4609 1077 4680 lenissima
1108 4625 1252 4694 pressura
1279 4623 1352 4674 ase

1139 4711 1184 4782 b*
