3316 5262
657 371 824 443 Etim·
1312 373 1374 443 749

213 545 304 611 dense
334 543 503 612 imbricatis
537 563 595 612 uno
628 565 717 612 versu
750 546 916 612 recurvatis
949 546 1150 615 subtilissime
1177 549 1375 617 denticulatis

212 667 304 714 nervo
327 651 412 714 tenui
434 649 649 725 subcarinatis,
672 650 836 734 sparengio
858 650 1057 717 erectiuscula
1080 652 1260 721 subarcuato
1276 654 1375 738 cylin-

211 752 318 820 rlraceo
340 753 488 837 oblongo,
522 753 661 836 operculo
688 773 820 821 consero
843 754 1031 822 breviuscule
1054 757 1237 824 acuminato.
1282 758 1374 824 chs.

211 857 245 922 in
266 857 365 924 Mica.
388 858 436 924 rl.
459 859 531 924 Am.
553 859 618 924 bor.
643 860 683 939 II,
706 879 736 943 p.
760 858 834 926 315.

147 960 330 1028 &auersa
354 961 459 1046 Suppl.
482 963 525 1042 ll,
547 963 583 1028 P.
599 964 642 1044 Il,
664 965 687 1032 t.
707 963 776 1032 146.
821 963 1000 1032 curcum
1014 965 1142 1052 Synops.
1177 969 1235 1034 Bs.
1252 969 1283 1034 at
1298 967 1371 1035 Soa.

210 1067 316 1151 Bryol.
339 1086 402 1134 eur.

104 1167 257 1254 Hypatam
269 1169 481 1256 protuberans
496 1171 614 1256 (Bam.)
630 1171 687 1236 Bs.
711 1170 795 1238 olim.
818 1176 850 1238 et
871 1173 1028 1240 Hieram
1051 1173 1161 1242 Skanrl
1183 1175 1231 1242 rt.
1246 1175 1311 1242 edd.
1328 1195 1373 1258 pr.

63 1309 69 1326 ·
104 1271 257 1358 Hypatam
275 1275 522 1360 pelituoctroum
544 1274 678 1341 bosam.
701 1275 733 1340 in
755 1276 904 1344 Hmnmo.
927 1277 1034 1344 Jouru.
1057 1279 1154 1346 abta.
1178 1278 1203 1357 I,
1230 1277 1324 1346 1847.

102 1375 257 1462 Hypatam
273 1379 448 1464 pollescens
470 1379 520 1464 (P.
533 1380 585 1464 Β.)
606 1380 732 1445 Hasrlt.
755 1379 868 1446 Sksnd.
890 1380 938 1446 ul.
961 1381 1006 1447 cd.
1031 1381 1079 1448 10.

102 1479 173 1548 Var.
195 1489 217 1561 β
240 1483 472 1568 sabjotocoem,
504 1482 586 1550 loliis
617 1482 796 1550 densissime
824 1483 970 1550 conlertis
1001 1487 1084 1552 arcte
1113 1485 1283 1553 imbricatis
1306 1487 1372 1552 solo

207 1586 293 1669 apice
315 1586 454 1652 breviore
476 1586 514 1652 ad
536 1607 628 1653 unum
651 1589 734 1653 latus
757 1587 909 1668 curvatis,
932 1590 981 1655 vel
1003 1591 1125 1656 omnino
1149 1591 1268 1670 erectis,
1291 1591 1371 1674 peri-

206 1689 409 1756 cbaatialibus
432 1690 523 1772 paulo
544 1689 745 1777 longioribus.

100 1789 255 1878 Hypatam
272 1793 494 1879 pericboetiote
516 1795 621 1879 Bryol.
645 1815 708 1862 eur.
732 1796 808 1861 Tab.
831 1795 905 1862 588.

186 1931 296 1998 Hotit.
331 1932 370 1999 ad
400 1934 513 2016 stirpes
534 1935 568 1999 et
589 1935 712 2000 truncos
735 1953 865 2000 annosos
887 1935 936 2002 vel
959 1935 1116 2018 putridos,
1147 1935 1186 2002 ed
1208 1955 1280 2002 saxa
1303 1956 1372 2001 um-

99 2031 203 2112 brosa;
226 2039 358 2119 sparsim
380 2056 434 2120 per
449 2039 549 2104 totum
565 2037 691 2120 Alpium
710 2039 819 2123 jugum
840 2039 991 2120 provenit,-
1012 2039 1248 2122 septentrionem
1264 2057 1371 2106 versus

100 2139 130 2204 in
151 2140 315 2223 planitiem
337 2141 507 2209 deseendit:
542 2142 576 2208 in
598 2143 699 2208 tractu
718 2142 870 2226 jurassico
893 2143 1067 2228 germanico
1089 2162 1182 2229 prope
1205 2143 1371 2209 Eicbcto‘dt

99 2243 285 2312 marmure
307 2247 346 2314 el.
368 2246 425 2312 Fa.
448 2247 579 2313 Ausona
601 2245 688 2331 legit,
711 2265 803 2332 prope
831 2247 1014 2312 ll⁷iszaiewo
1036 2247 1198 2314 Borussiae
1222 2247 1369 2314 occident.

98 2347 135 2414 cl.
154 2349 213 2414 Dr.
238 2349 455 2429 Kcruooalrr,
477 2369 571 2433 prope
593 2349 681 2436 byct
702 2350 841 2434 (Sru1o);
864 2351 930 2434 ipre
953 2349 1029 2418 satis
1053 2351 1172 2434 copiose
1193 2349 1225 2415 in
1240 2349 1370 2434 Alpibus

99 2451 274 2532 Helvetiae,
296 2454 435 2537 Tyrolis,
467 2453 676 2538 Salisburgiae
698 2453 735 2519 et
758 2454 881 2519 truncos
904 2453 1036 2538 dejectos
1059 2455 1197 2537 putridos
1219 2454 1299 2538 legi,
1331 2453 1371 2520 ad

98 2573 181 2637 sara,
204 2556 286 2623 socia
303 2557 530 2623 Praedolesteo
544 2559 731 2640 οαέεηιιίαια,
754 2557 882 2625 invalle
897 2557 1068 2644 Prottipco
1090 2557 1243 2641 superiore
1264 2559 1297 2624 et
1318 2576 1370 2641 per

99 2657 343 2728 Wermlandiam
365 2664 456 2745 atque
478 2661 696 2740 Delerarliam,
730 2682 785 2730 uec
805 2681 865 2729 non
887 2662 918 2728 in
941 2663 1055 2732 ditione
1076 2663 1239 2730 holmiensi
1268 2663 1371 2746 copio-

98 2763 232 2844 sissime;
265 2765 474 2832 inruentibus
497 2765 646 2832 silesiacis
669 2765 808 2851 (Micon),
831 2768 862 2831 in
885 2766 1067 2852 thuringicis
1090 2767 1210 2852 (Rosa),
1235 2766 1267 2832 in
1290 2768 1370 2833 Her·

96 2868 184 2951 cynia
208 2869 358 2952 (Heras).
404 2868 476 2936 Var.
500 2876 520 2948 β
542 2869 574 2934 in
597 2869 703 2936 suecia
726 2873 818 2952 atque
840 2869 996 2956 Norregia
1022 2871 1059 2938 ad
1082 2890 1182 2955 rupes.
1226 2871 1368 2936 Nondum

96 2969 125 3034 in
148 2971 313 3039 Britannia
335 2972 538 3039 observatum.
583 2972 839 3058 Vulgatissimum
863 2974 895 3040 in
918 2975 1061 3042 Amasim
1083 2974 1324 3070 septentrionali.

182 3076 293 3143 Fruar.
316 3085 431 3142 motor.
455 3077 551 3156 sulio,
574 3078 726 3162 Augusto.

181 3210 378 3270 Praecedente
401 3210 565 3279 robustius,
586 3209 703 3284 longius
724 3209 870 3285 latiusque
893 3227 1067 3284 prorepens,
1089 3209 1166 3270 loliis
1189 3195 1369 3270 brevioribus

97 3296 192 3357 minus
214 3296 301 3372 longe
325 3295 515 3368 acuminatis,
549 3297 670 3372 capsula
701 3296 831 3372 longiore
867 3298 1037 3368 suberecta,
1071 3297 1147 3356 sicca
1170 3314 1217 3358 ore
1240 3297 1369 3366 incurva,

95 3383 250 3444 uranum.

264 3565 289 3620 2.
313 3565 425 3621 Foliis
443 3565 832 3636 bipartito-pectinatis
847 3563 1200 3622 circinato-hamatis.

481 3699 532 3755 aa.
563 3697 733 3766 Hypnum
754 3696 980 3767 rungiacum.

575 3821 661 3880 Bam.
684 3820 782 3896 Bryol.
805 3820 884 3879 uuir.

181 3965 364 4044 Monoicum,
386 3965 539 4032 latissime
553 3968 672 4051 plano,
689 3986 756 4033 raro
771 3966 1194 4050 tumescenti-caespitorum3
1217 3963 1366 4046 caespites

26 4091 31 4102 ·
94 4068 185 4135 dense
207 4069 351 4148 contexti,
374 4088 390 4135 e
411 4069 581 4138 latescente
602 4070 723 4137 virides.
762 4070 867 4137 (taulis
889 4089 1049 4154 prorepens
1072 4068 1164 4136 dense
1183 4067 1366 4146 remulcens,

96 4173 221 4239 manalis
244 4174 353 4240 crectis
376 4174 461 4256 apice
482 4175 625 4242 incurris.
670 4175 757 4241 Folia
779 4175 929 4252 conserta,
952 4174 1020 4240 lare
1042 4173 1213 4252 imbricata,
1236 4171 1366 4237 lateatn-

95 4277 233 4357 amunta,
257 4277 543 4357 cuatelanceolata,
562 4295 703 4356 mucosa,
726 4278 862 4362 integrm
885 4275 1078 4360 pamphyllia
1094 4275 1222 4353 minuta,
1245 4275 1365 4340 lanceo-

95 4377 158 4446 lata
180 4383 212 4447 et
234 4380 376 4466 digitata.
420 4380 646 4447 Perichaetium
668 4399 832 4466 magnum,
855 4381 923 4447 laxe
946 4381 1105 4465 regirans,
1129 4376 1211 4444 loliis
1235 4375 1364 4443 internis

95 4483 262 4569 elongatis,
289 4484 481 4569 longiuscula
509 4483 690 4568 spiculatis,
725 4503 816 4568 parce
845 4484 993 4560 sulcatis,
1024 4483 1203 4550 bnubsime
1226 4481 1365 4548 metatis.

95 4585 227 4672 Oapsula
249 4590 407 4656 suberecta
428 4591 461 4656 et
481 4589 743 4669 mearco-camna,
766 4588 1117 4674 cylindraceo-oblonga,
1139 4586 1236 4652 diluta
1258 4585 1365 4652 ochra·

95 4709 156 4776 eea,
178 4693 259 4761 sicca
281 4711 378 4760 vacua
399 4693 554 4775 amerb,
576 4693 716 4777 operculo
738 4692 906 4760 mamillari
920 4691 1072 4773 amantio,
1094 4691 1207 4760 annuo
1221 4691 1362 4776 cogamo.
