3316 5262
313 349 376 418 78²
866 347 1033 422 flvvssw

311 527 407 607 luten,
438 523 523 591 striis
545 521 636 592 luteis
667 524 821 593 brevibus.
864 525 973 594 Floras
1003 525 1134 593 maseuli
1155 527 1371 609 maesinsonli,
1402 527 1566 615 polypbplb

312 630 509 714 squamosuli.
540 629 765 696 Periebaetium
789 630 925 714 longum,
948 629 1239 715 suboylindracaum
1261 631 1408 712 albidum,
1427 632 1505 699 toliis
1523 651 1568 699 ei-

312 734 409 801 ternis
437 753 454 798 o
485 732 584 800 medio
616 733 750 815 patulis.
780 733 910 798 internis
946 733 1056 800 erretis
1085 734 1205 800 strietis
1234 735 1570 821 elongato-lanseolatis,

312 839 397 923 apiae
413 836 724 916 eroso-denticulatis,
745 836 860 920 pluries
875 835 1014 904 suloatis.
1045 836 1178 921 capsula
1192 857 1312 918 mmm,
1336 840 1570 924 ovato-oblonga,

312 943 445 1027 turgido,
468 939 660 1020 luteo-lusca,
683 941 825 1023 operculo
840 942 906 1008 alta
921 941 1098 1024 mamillari,
1120 943 1232 1010 annulo
1247 943 1479 1012 bi—tviseriato
1492 944 1572 1010 latis·

312 1047 390 1114 simo
413 1047 503 1133 (uude
524 1048 658 1132 nomen).
701 1045 882 1112 Peristomii
904 1047 1014 1114 denus
1036 1047 1136 1128 solidi,
1158 1048 1367 1129 orossiusonli.
1390 1049 1515 1136 anguste
1532 1047 1572 1116 la·

312 1153 449 1232 mellati,
472 1151 568 1230 lutei,
597 1169 755 1233 protessus
778 1149 859 1216 inter
882 1151 1111 1218 astipulationes
1132 1151 1343 1233 ommate,
1371 1153 1445 1220 tilia
1465 1151 1573 1219 nolon.

312 1257 425 1341 Sporus
448 1255 646 1340 majusculae,
667 1255 890 1322 luteo-virides.
934 1256 1038 1341 Bryol.
1062 1275 1126 1324 eur.
1149 1257 1219 1325 Vol.
1240 1257 1295 1339 VI,
1317 1258 1396 1325 'l'ab
1418 1256 1491 1326 579.

312 1378 421 1458 Varo
445 1377 604 1464 Mactapi.
650 1375 807 1458 anspitss
828 1375 993 1455 densiores,
1015 1377 1118 1446 minua
1140 1378 1261 1461 molles,
1283 1378 1463 1460 vnio-bndii,
1484 1376 1575 1446 vindi

422 1481 582 1566 variegati.
626 1480 741 1547 Planta
762 1479 924 1547 robustior.
963 1479 1050 1548 Ilolia
1074 1483 1215 1563 seonndn,
1237 1483 1441 1564 subsecanda,
1462 1481 1577 1564 unibus

419 1584 686 1670 erecto-patentia,
709 1584 942 1665 subimbrioata,
965 1604 1021 1670 pro
1043 1604 1128 1652 more
1148 1587 1274 1670 paulum
1296 1586 1431 1667 latiora,
1452 1587 1513 1652 lata
1533 1585 1577 1650 ob·

420 1692 523 1777 longa,
545 1692 645 1756 miuus
666 1689 757 1776 louge
780 1691 967 1769 acuminata,
989 1690 1089 1757 minus
1112 1691 1227 1758 mollia
1270 1691 1502 1759 Perichaotimn
1530 1691 1578 1756 mi·

420 1814 476 1862 nus
497 1797 633 1880 longum,
655 1794 731 1861 lolia
752 1793 873 1860 iuterna
895 1794 981 1877 apios
1002 1797 1136 1880 angusto
1158 1795 1312 1879 patentia,
1336 1797 1443 1864 minus
1464 1795 1576 1863 suen

421 1901 559 1967 Annnlus
591 1901 701 1983 quarta
732 1899 820 1982 parte
850 1899 1029 1983 angustior,
1062 1917 1169 1983 sperae
1199 1901 1307 1984 quinta
1339 1902 1432 1984 parte
1453 1903 1577 1985 maiora.

421 2004 626 2088 punotnlatae.
672 2003 790 2069 Forsan
812 2003 928 2086 speeies
951 2003 1092 2087 propria!

400 2127 509 2193 Habir.
540 2126 572 2191 in
601 2124 771 2191 rivulorum
800 2125 882 2190 saxis
913 2123 1054 2191 irroratis
1083 2125 1217 2212 regionis
1249 2125 1476 2193 intermediae:
1510 2123 1577 2190 inlu

314 2233 501 2300 oabraotam
529 2231 707 2297 Geroldsoo
737 2247 831 2312 propo
862 2229 973 2296 Badeo
1004 2228 1259 2314 sylvae-nigrae,
1291 2228 1346 2296 ubi
1381 2228 1473 2297 amia
1494 2229 1578 2296 arm

313 2338 423 2403 Baubo·
445 2337 562 2419 primns
585 2333 691 2401 sterile
710 2332 884 2400 observavit
899 2334 930 2400 ot
946 2352 1000 2416 pro
1017 2333 1137 2420 Hypno
1152 2333 1321 2400 canobon
1344 2333 1467 2417 babuit,
1483 2335 1514 2399 et
1526 2333 1578 2416 ipse

314 2461 392 2508 anuo
410 2438 493 2506 1854
514 2439 640 2522 pulchre
661 2437 848 2505 fructificans
871 2436 983 2518 inveni,
1006 2437 1038 2503 iu
1053 2437 1194 2504 Boio-de
1201 2437 1365 2524 Vmperon
1380 2457 1476 2524 prope
1491 2437 1576 2506 (leue

314 2564 384 2611 vam
400 2543 503 2609 fertile
517 2542 596 2628 legit
617 2541 648 2608 J.
665 2540 808 2608 Momuv.
853 2539 899 2607 le
914 2541 1058 2608 Amerina
1084 2541 1319 2625 septentrionali
1339 2545 1433 2610 amin
1456 2543 1578 2618 Lmouu·

313 2665 397 2713 nsux
418 2647 539 2730 eopiosa
561 2645 657 2712 misit.
703 2645 820 2724 Vaut
851 2645 890 2711 ab
920 2645 1018 2712 moles
1046 2647 1167 2730 saepius
1196 2647 1364 2714 mundatas
1397 2647 1492 2715 rivuli
1513 2645 1579 2712 inin

319 2752 415 2818 Torlo·
424 2750 591 2834 Waterfoll
619 2767 712 2832 prope
735 2749 906 2836 Killamep
928 2749 1112 2831 Hiberniae,
1145 2752 1198 2818 ubi
1227 2751 1301 2819 olor.
1333 2753 1474 2819 Mecum
1503 2751 1579 2836 louge

314 2857 425 2924 abbino
445 2855 533 2922 anuis
555 2854 672 2937 primns
692 2851 869 2920 observavit
891 2854 923 2920 et
944 2854 1009 2937 ipse
1031 2873 1111 2920 anuo
1136 2853 1219 2922 1865
1241 2855 1377 2938 eopiosa,
1401 2853 1579 2943 Hypsele

314 2960 417 3026 notai
437 2958 625 3026 associatum
647 2957 761 3041 reperi,
793 2957 883 3024 amio.
906 2957 1008 3024 Woou
1038 2957 1264 3042 spatiosissima
1295 2957 1468 3042 specimina
1497 2957 1579 3025 abnn-

315 3065 423 3131 ‹lanter
444 3063 477 3128 in
498 3062 607 3129 rivulis
629 3061 784 3127 montanis
807 3079 900 3145 prope
920 3061 1049 3128 Kendul
1071 3063 1102 3128 in
1125 3062 1302 3147 Keratmere,
1331 3059 1579 3140 Weetmoreloact

315 3171 351 3236 nt
372 3169 405 3236 st
426 3168 466 3236 ad
488 3185 561 3234 sara
581 3165 716 3233 irrorata
737 3167 861 3249 paulum
883 3166 964 3234 intra
985 3168 1175 3236 mturaotann
1195 3169 1369 3256 Bnmblr'nq
1386 3170 1507 3257 Bridpr
1525 3165 1579 3234 tio·

314 3275 381 3340 tam
395 3291 489 3358 prope
502 3271 728 3356 Duofermline
741 3271 846 3336 uomit.
864 3269 1022 3355 llfeslvire
1035 3271 1156 3340 Ssotiae
1176 3272 1255 3360 legit
1275 3275 1308 3340 et
1329 3275 1458 3340 assueta
1480 3271 1578 3340 libara-

194 3387 199 3403 “
314 3379 405 3444 litate
427 3376 682 3452 eommunioavit;
715 3393 760 3457 pr.
783 3374 916 3460 Banpor
937 3375 970 3441 et
991 3393 1038 3458 pr.
1060 3375 1146 3442 Aber
1167 3375 1416 3444 (lambrovalliae
1437 3373 1577 3462 (Wnsou

314 3481 469 3560 Novum,
491 3479 708 3560 Wmmnsuo,
732 3475 871 3564 Wooo),
904 3496 950 3562 pr.
972 3478 1057 3545 Dos
1078 3478 1118 3546 ad
1141 3479 1463 3568 Oneum-Watersnll
1483 3477 1575 3547 oomit

322 3585 492 3651 Yorlrebire
512 3585 545 3649 et
566 3601 612 3667 pr.
636 3581 766 3668 Lyndal
787 3581 892 3648 eomit.
916 3581 1111 3648 Deomubire
1125 3581 1300 3669 (Novana),
1322 3585 1420 3652 stiam
1439 3584 1472 3650 in
1486 3579 1577 3651 Sootia

315 3689 469 3773 provenit;
492 3687 524 3752 in
547 3686 628 3752 saxis
646 3683 782 3752 humidis
805 3685 844 3751 ad
859 3685 1081 3754 molendarium
1096 3705 1190 3773 prope
1204 3687 1576 3766 sesemen-Tam,

315 3794 403 3860 distr.
428 3791 668 3858 Hoetu-Vienna
690 3789 811 3859 Galliae
832 3790 1041 3876 (Eo.Lnuv);
1063 3791 1094 3858 in
1117 3791 1338 3880 Ostrogotbiae
1361 3793 1472 3860 insulis
1494 3791 1576 3876 (lupi

314 3897 347 3963 et
370 3895 561 3981 Greptrodet
582 3895 651 3982 (Hs.
674 3894 876 3980 Hennaeus).

403 3999 511 4064 Frort.
534 4006 656 4082 matur..
674 3997 768 4084 Majo.

781 4189 818 4247 B.
853 4187 977 4246 Floras
995 4187 1111 4245 diolci

709 4323 761 4380 08.
791 4321 958 4392 Eypnnm
980 4321 1193 4380 oohraoeuna

723 4440 870 4518 (Troum)
886 4443 978 4505 Wms
992 4443 1091 4519 srvat
1106 4443 1181 4506 Brit.

400 4579 506 4664 Longo
527 4576 649 4660 neque
670 4575 886 4660 ousspitosum
908 4573 1060 4660 oasspites
1081 4574 1200 4658 molles,
1222 4571 1401 4644 lutososnti·
1422 4569 1470 4638 vel
1483 4567 1568 4635 invu—
1645 4555 1646 4562 '

315 4681 550 4768 pineo-virides,
581 4679 697 4749 inferos
719 4679 866 4750 oobraosi
912 4679 1016 4764 (taulis
1046 4679 1117 4766 plus
1146 4679 1248 4749 miuus
1269 4677 1447 4766 demptae,
1474 4667 1566 4740 nuli
