3434 5234
296 267 361 340 280
834 265 1033 328 (irimmieceae.

296 443 398 526 simis,
431 443 640 512 commissuris
670 443 782 512 crassis
816 442 1022 511 minutissime
1054 441 1241 522 creuulatis,
1281 441 1407 526 pulchre
1437 439 1567 508 seriatis,

295 549 446 633 Capsulae
475 567 580 616 versus
602 550 698 618 caulis
721 548 838 632 apicem
860 567 916 631 pro
938 566 1023 614 more
1045 546 1216 630 complures
1240 565 1256 611 a
1279 545 1408 612 ramulis
1429 544 1567 612 laterali·

295 654 351 719 bus
373 653 492 732 enatae,
514 652 660 732 minutae,
683 651 959 734 orato-elhpticae,
982 650 1115 727 solidae,
1138 650 1309 729 brunneae,
1331 650 1478 732 pedioello
1500 649 1568 715 bre·

294 755 431 822 riusculo
462 775 579 839 aspero.
624 756 773 840 Oalyptra
804 756 868 822 solo
899 755 983 838 apice
1012 772 1130 837 aspera.
1176 754 1360 837 Operculum
1381 754 1568 820 subulatum.

293 860 435 926 Annulus
457 861 609 944 perlatos,
638 859 825 927 revolubilis.
870 859 1050 926 Peristomii
1077 857 1184 924 dentes
1215 857 1317 937 bifidi,
1348 858 1486 924 cruribus
1508 857 1569 923 lili·

293 963 441 1031 formibus
479 964 734 1048 subaequahbus,
772 962 1131 1031 erecto-conniventibus.
1176 962 1281 1046 Bryol.
1319 980 1382 1028 eur.
1420 961 1489 1030 Vol.
1512 961 1568 1039 III,

294 1068 370 1136 Tab.
393 1067 467 1136 269.

295 1191 420 1276 fflyum
442 1186 618 1273 hypnoides,
641 1187 888 1272 polycephslum,
902 1187 1127 1273 lanuginosum,
1143 1190 1323 1254 meramnum
1338 1188 1470 1255 onera.
1487 1186 1568 1251 Hist.

402 1293 500 1359 Mose.
523 1311 553 1376 p.
577 1289 651 1370 372,
674 1290 751 1357 Tab.
774 1289 827 1370 di,
850 1291 872 1355 f.
896 1289 947 1356 32.

298 1413 546 1482 &ammomum
560 1413 782 1499 lunaqiaoacm
805 1413 914 1477 Hnnw.
930 1411 1027 1478 Musc.
1044 1411 1154 1490 dread,
1170 1410 1266 1495 ejusd.
1283 1411 1336 1497 Sp.
1351 1413 1451 1478 hiusc.
1479 1411 1568 1478 Wse.

403 1519 434 1586 et
464 1517 563 1584 Mona
592 1517 629 1582 B.
660 1518 696 1582 Τ.
741 1514 916 1581 Wsnnann.
949 1516 997 1581 ΕΙ.
1026 1517 1109 1599 lapp.
1155 1517 1256 1604 licor.
1285 1517 1318 1583 et
1347 1517 1443 1582 'iarn
1471 1515 1568 1581 Mose.

402 1621 483 1688 Brit.

295 1728 525 1796 Rccomitrium
546 1726 770 1810 lanuginoaum
791 1725 883 1790 Bam.
904 1723 1009 1808 Bryol.
1031 1722 1114 1790 univ.
1145 1724 1204 1791 Ba.
1226 1726 1259 1791 et
1281 1725 1354 1793 Sos.
1378 1724 1483 1809 Bryol.
1507 1741 1567 1790 eur.

273 1877 277 1884 -
402 1833 451 1898 Du
472 1829 593 1895 Nossa.
616 1826 692 1913 Syll.
715 1829 747 1894 et
769 1827 851 1911 Epil.
897 1826 930 1894 0.
952 1827 1078 1894 Hasna.
1101 1827 1215 1895 Skand.
1238 1827 1287 1895 ill.
1318 1829 1450 1895 Wmsou
1465 1826 1566 1912 Brpol.

403 1934 484 2000 Bria

382 2054 492 2122 Habit.
520 2052 552 2118 iu
580 2051 729 2136 lapidosis
759 2051 923 2131 arenariis,
954 2051 1132 2136 grammicis,
1162 2053 1244 2119 iuter
1275 2055 1308 2120 et
1330 2073 1422 2136 supra
1444 2052 1567 2136 lapidee,

295 2159 430 2245 regionis
459 2158 622 2224 montaum
653 2156 685 2221 et
715 2154 909 2238 subalpinae,
939 2155 972 2219 in
1003 2155 1128 2240 regione
1159 2157 1326 2246 campestri
1354 2158 1496 2222 montosa
1518 2155 1567 2220 ubi

294 2263 394 2331 rarius
416 2260 533 2328 fertile:
562 2257 716 2325 ditissima
744 2258 933 2325 fructificans
963 2259 1028 2344 legi
1049 2260 1081 2324 in
1104 2260 1224 2344 Vogeso
1245 2263 1419 2344 superiore,
1450 2259 1567 2326 tamin

295 2365 470 2451 sylvaticis,
500 2363 552 2429 ubi
583 2362 615 2426 in
643 2362 725 2429 valle
746 2364 784 2428 de
806 2363 839 2428 la
867 2362 1001 2449 Votoque
1023 2381 1096 2430 sara
1117 2365 1271 2449 granitiea
1294 2365 1432 2432 chsotice
1454 2363 1568 2448 dejecta

293 2487 457 2551 eorumque
476 2465 649 2533 interstitia
670 2466 802 2546 obducit,
824 2485 918 2550 quam
940 2467 973 2530 in
995 2485 1114 2533 summo
1135 2468 1301 2533 Hoheaeclc
1323 2468 1477 2535 denudato
1499 2487 1568 2534 ven·

294 2575 336 2642 us
357 2572 535 2647 verberato;
556 2570 589 2635 in
612 2569 815 2655 Sylva-nigra
835 2571 987 2637 fructibus
1009 2574 1153 2637 onustum
1177 2572 1240 2637 vidi
1260 2571 1401 2656 usquein
1417 2573 1567 2657 regionem

294 2675 513 2760 campestrem
535 2674 567 2738 in
590 2692 665 2740 aona
688 2673 923 2757 septentrionali
946 2675 1122 2758 plerumque
1144 2675 1251 2742 sterile
1273 2677 1441 2760 reperitnr;
1470 2675 1566 2759 copio-

292 2780 416 2848 sissime
436 2780 470 2845 et
490 2777 617 2862 pulchre
638 2777 826 2845 fructificans
848 2779 880 2844 in
895 2778 1076 2846 Britanniae
1098 2780 1255 2846 montibus
1269 2780 1460 2860 editioribus,
1483 2799 1567 2864 praa·

292 2883 401 2972 primis
423 2885 457 2951 in
478 2881 600 2950 Scotino
621 2882 752 2966 Alpibus
774 2883 851 2964 ridi,
874 2902 1018 2951 cacumen
1039 2903 1081 2954 m.
1105 2884 1173 2952 Bm
1195 2886 1287 2952 More
1308 2904 1353 2953 er.
1376 2904 1426 2971 gr.
1448 2883 1566 2952 omnino

294 2989 334 3062 ab
354 3006 389 3058 eo
412 2987 583 3056 obducitur.
1073 3047 1077 3054 .

381 3092 492 3162 naar.
513 3097 631 3158 muter.
653 3108 724 3158 vere
746 3092 777 3158 ab
800 3090 923 3158 meante
945 3092 1076 3160 aestate.

380 3204 507 3266 Maxima
522 3202 637 3280 generis
652 3203 772 3278 species,
786 3203 864 3262 haud
880 3221 945 3264 raro
961 3203 1145 3280 semipedalis
1160 3205 1189 3265 et
1203 3204 1327 3281 longior,
1349 3205 1443 3266 colore
1457 3207 1567 3282 griseo·

293 3292 379 3353 viridi
395 3291 430 3350 R.
445 3291 630 3352 moerebo
651 3290 761 3362 similis,
784 3291 865 3350 caule
887 3291 1050 3366 graciliore,
1073 3291 1193 3351 ramulis
1214 3291 1387 3352 lateralibus
1409 3294 1567 3352 numerosis

293 3380 474 3457 longioribus
496 3395 584 3453 quam
605 3378 635 3436 in
659 3377 695 3437 R.
717 3385 888 3454 canescente,
911 3377 1039 3452 capsulis
1061 3378 1091 3437 in
1115 3378 1235 3438 ramulis
1258 3380 1454 3440 summitatem
1478 3381 1566 3440 caulis

295 3484 396 3527 versus
418 3465 615 3542 compluribus
636 3464 756 3524 minutis
778 3465 1018 3540 orato-ellipticis
1040 3466 1133 3540 primo
1156 3465 1220 3526 risu
1243 3467 1460 3542 distinguenda.

382 3569 510 3630 Canities
532 3567 694 3643 caespitum
715 3568 812 3628 uariat
833 3569 989 3628 secundum
1004 3568 1199 3631 habitationis
1214 3570 1424 3644 expositionem
1440 3571 1486 3630 rel
1500 3571 1566 3630 lati·

294 3657 438 3716 tudinem:
461 3655 532 3717 locis
554 3655 664 3715 niuosis
686 3655 811 3715 humidis
832 3656 1012 3731 nigricantes
1034 3656 1261 3734 conspiciuntur,
1283 3658 1368 3717 siccis
1390 3657 1488 3734 grisei.
1532 3659 1565 3717 ln

294 3743 381 3803 terris
403 3743 574 3803 antarctieis
605 3743 721 3816 prostat
751 3743 878 3803 remotes
910 3735 962 3822 (an
984 3743 1095 3817 species
1117 3743 1284 3820 proprisi),
1313 3745 1395 3806 caule
1419 3743 1565 3806 humiliore

294 3829 466 3902 robustiore,
486 3828 607 3890 ramulis
629 3829 746 3890 densius
768 3829 915 3900 confertis,
937 3829 1071 3890 loliorum
1094 3831 1161 3905 pilis
1183 3832 1244 3890 late
1259 3831 1481 3892 decurrentibus
1496 3833 1565 3892 adeo

295 3916 440 3993 elongatis
468 3920 498 3976 et
527 3916 661 3990 impleris
687 3918 720 3975 ut
741 3919 806 3977 tota
828 3917 932 3992 planta
954 3916 1095 3991 capillitio
1118 3935 1191 3978 cano
1214 3917 1324 3978 vestita
1346 3919 1489 3979 rideatur.
1532 3921 1565 3978 lrr

294 4005 442 4065 montibus
472 4003 645 4065 editioribus
676 4003 796 4078 plantae
826 4021 939 4078 semper
963 4004 1134 4079 graciliores
1156 4008 1186 4066 et
1208 4005 1327 4065 densius
1348 4007 1565 4068 nodoso-ramu-

292 4092 372 4153 losaa
394 4091 587 4168 reperiuntur,
610 4091 737 4167 capsulis
759 4091 1000 4151 numerosissimis
1023 4091 1140 4152 brevius
1162 4092 1345 4168 pedicollatis
1367 4095 1502 4156 minimis.

652 4285 704 4341 10.
738 4281 984 4341 eunomianum
1007 4296 1204 4342 umescens.

661 4389 891 4449 Trichostomum
913 4405 1069 4449 canescens
1091 4387 1193 4448 Hune.

377 4513 459 4584 aare
480 4517 699 4602 caespitosum,
730 4519 879 4602 caespites
902 4536 918 4584 e
940 4519 1021 4584 laete
1042 4517 1092 4584 rel
1113 4537 1131 4585 c
1152 4518 1238 4584 luteo
1260 4517 1352 4584 viridi
1374 4521 1565 4586 canescentes
1675 4517 1676 4550 ³

289 4617 359 4706 plus
382 4619 484 4688 minus
506 4620 589 4702 alati,
613 4621 708 4708 plani.
753 4621 869 4690 Planta
883 4623 995 4702 erecta,
1017 4621 1107 4689 ualde
1123 4641 1255 4702 ramosa,
1279 4621 1408 4688 ramulis
1425 4621 1563 4690 breuibus
