3388 5242
293 271 357 358 l's'e
863 265 1005 352 manae.

291 461 409 530 incurvi
440 458 526 542 apiae
557 455 774 541 assurgentes,
808 473 966 539 processus
988 454 1131 521 dentibus
1155 454 1244 520 sionis
1267 454 1413 538 depressi.
1459 452 1580 540 Speras

291 565 447 644 minimae,
469 562 613 642 luteolae,
637 556 853 626 translucidae.
899 558 1001 643 Bryol.
1024 578 1087 624 eur.
1112 558 1182 624 Vol.
1206 558 1261 638 lv,
1284 559 1359 625 Tab.
1383 558 1459 625 367.

333 688 392 754 Ba.
414 687 448 754 et
470 684 542 751 San.
565 682 670 767 Bryol.
691 701 756 750 eur.
802 680 836 748 O.
857 681 993 746 Muenna
1015 681 1145 766 Synops.
1191 679 1322 747 Wusou
1345 683 1452 766 Bryol.
1476 683 1559 750 Brit.

378 808 488 874 Hodie.
512 805 551 872 ad
574 823 676 870 muros
699 806 731 870 et
754 823 844 887 rupes
867 822 1028 870 areneeeas
1053 803 1144 870 sociis
1168 805 1227 868 Br.
1250 807 1428 889 caespiticio
1456 808 1490 872 et
1515 807 1576 872 Br.

286 913 438 1000 pendulo,
460 927 553 994 prope
575 907 752 992 Bipoutum,
775 907 828 975 ubi
850 908 932 973 beat.
956 907 1065 972 Bsucu
1088 907 1215 986 delexit,
1238 907 1270 973 in
1294 907 1462 992 Pyrenaeis
1483 913 1519 974 et
1543 911 1576 974 in

290 1017 407 1103 Anglia
429 1015 481 1099 (R.
505 1013 652 1097 Srsucn),
674 1012 705 1077 in
729 1011 884 1096 Heropnia
905 1013 1057 1095 (Hausn).
1103 1011 1128 1076 Il
1152 1011 1328 1078 rarioribus.

379 1121 489 1188 Froot.
512 1126 629 1186 matur.
652 1117 758 1184 lunio.

380 1250 437 1310 Pru
465 1248 633 1324 plantarum
664 1247 766 1306 babitu
796 1247 921 1306 medium
952 1249 1035 1306 tenet
1065 1246 1140 1305 iuter
1164 1246 1216 1305 Br.
1238 1247 1434 1323 caespiticium
1463 1253 1493 1307 ei
1518 1248 1573 1308 Br.

291 1337 439 1414 oopitdore.
474 1335 578 1396 Differt
601 1353 619 1394 a
643 1334 695 1394 Bo.
718 1335 856 1410 oopidori
878 1332 957 1392 foliis
980 1333 1161 1392 breuioribus
1184 1333 1266 1392 basin
1290 1351 1392 1394 uersus
1415 1335 1493 1394 baud
1518 1355 1573 1396 au·

290 1424 420 1499 gustatis
442 1441 494 1482 nee
510 1421 690 1493 rubentibus,
713 1421 794 1496 apice
818 1420 925 1481 serrsim
946 1420 1129 1490 acuminatis,
1152 1421 1379 1491 subimbrieatis,
1396 1423 1442 1480 uir
1460 1423 1573 1484 tortili-

291 1511 354 1582 bus,
378 1509 590 1586 pallidioribns,
612 1507 806 1579 solidioribus,
829 1507 965 1582 capsulae
989 1506 1061 1566 eollo
1082 1507 1214 1582 longiore
1237 1508 1358 1582 ipsaque
1378 1509 1500 1584 capsula
1517 1530 1572 1570 an·

290 1596 421 1672 gueiiore
444 1596 473 1656 in
497 1595 637 1672 pedioello
659 1595 776 1670 lougius
799 1598 919 1654 arcuato
943 1593 1078 1668 pendula,
1101 1595 1236 1668 operculo
1252 1595 1355 1654 altiore
1372 1597 1489 1655 breuius
1506 1600 1573 1672 api-

290 1681 388 1744 enlatn
419 1683 637 1744 ruso-castaneo
669 1681 854 1752 nitidissimo,
876 1682 1013 1740 dentibus
1036 1681 1233 1756 longioribus,
1255 1683 1350 1756 sporis
1372 1684 1461 1742 tertia
1485 1691 1571 1758 parte

290 1771 460 1843 minoribus,
482 1773 649 1832 membrana
672 1769 818 1844 eapeulari
841 1768 975 1828 solidiore
998 1768 1153 1844 angustius
1176 1771 1267 1828 teuta.
1297 1768 1418 1828 Limbns
1433 1770 1571 1832 soliorum

290 1859 458 1920 esemebus
482 1861 563 1918 2-5
588 1857 756 1918 cellularum
791 1855 898 1930 pallide
927 1855 1132 1916 luteaeautium
1159 1857 1198 1915 ab
1220 1857 1335 1916 interna
1358 1858 1395 1916 ad
1418 1861 1571 1918 externam

289 1947 397 2007 saneim
434 1945 635 2022 augustiarum
665 1943 851 2019 compositus.
898 1942 979 2002 Folia
1009 1943 1130 2002 romelia
1162 1943 1360 2002 numerosiora
1391 1945 1571 2021 densiusquo

289 2033 421 2094 conferta
444 2034 522 2106 sunt,
545 2050 642 2092 ceurae
663 2030 788 2108 junioris
809 2029 870 2090 late
894 2031 991 2101 ovata,
1014 2029 1112 2089 subito
1128 2030 1303 2097 acuminata,
1326 2031 1411 2091 ualde
1429 2049 1571 2094 concaua.

725 2257 777 2314 58.
818 2256 952 2325 fflyum
974 2255 1125 2324 elegans.

690 2378 770 2438 Nuus
792 2379 822 2438 in
845 2380 931 2438 Bure.
955 2379 1051 2454 Brpol.
1076 2378 1154 2438 univ.

374 2528 474 2594 Densa
496 2527 744 2610 caespitulosum,
766 2527 918 2611 mespilae
939 2547 1067 2611 superne
1082 2527 1178 2594 diluta
1195 2525 1315 2606 virides,
1338 2526 1454 2592 inieras
1478 2527 1566 2604 iussi,

287 2634 425 2700 tomento
448 2631 515 2697 rulo
536 2631 630 2696 deuse
653 2631 821 2698 intertexti.
852 2631 966 2698 Planta
987 2629 1281 2710 semi-biunoialis,
1305 2629 1451 2714 speciosa,
1474 2631 1565 2696 inno-

285 2737 459 2806 vationibus
480 2735 618 2818 pluribus
640 2753 772 2814 ramosa,
794 2736 961 2816 ramulosa,
984 2735 1112 2802 ramulis
1134 2735 1347 2803 orossiusnulis
1366 2735 1459 2800 densa
1475 2735 1566 2800 solio·

285 2841 329 2910 ais
358 2840 496 2925 inlaesis.
541 2838 628 2906 Folia
661 2838 781 2906 oaulina
813 2840 958 2906 inferiora
985 2841 1017 2906 et
1040 2839 1193 2906 ramulina
1216 2837 1454 2917 subrotundutu,
1488 2839 1564 2904 obo-

285 2947 359 3014 rata
381 2948 412 3012 et
435 2943 725 3029 eborata-oblonga,
748 2944 1167 3024 monteaulormi-exoavara,
1190 2943 1330 3029 margine
1344 2947 1476 3028 augurale
1491 2943 1565 3010 lim·

284 3051 357 3118 batu
380 3053 489 3128 arente,
512 3051 598 3116 noste
619 3049 703 3115 lutea
726 3048 758 3114 iu
781 3048 937 3132 euuspidem
961 3049 1140 3116 reclinatum
1156 3051 1296 3128 exeuruta,
1321 3049 1378 3114 reti
1395 3049 1565 3115 lariuscula

283 3154 613 3241 hexagono-rhombos,
636 3153 704 3219 basi
725 3154 841 3220 laxiore
865 3154 1217 3238 hexagono-rearmgulo
1240 3153 1388 3232 rubente,
1412 3153 1487 3220 lolia
1509 3173 1564 3220 eo-

280 3257 374 3328 malia
395 3259 486 3324 dense
508 3258 664 3334 conserta,
695 3257 776 3323 sioaa
798 3256 982 3336 imbricata,
1013 3257 1296 3342 uberate-oblonga
1327 3257 1359 3322 et
1389 3256 1559 3342 lingulam,

278 3361 367 3430 ualde
388 3380 531 3441 musana,
553 3362 617 3428 late
639 3358 891 3442 luteo-limbata,
915 3360 1054 3447 margine
1077 3381 1182 3428 versus
1206 3361 1294 3428 basin
1317 3361 1448 3440 reflexo,
1470 3365 1561 3428 cesta

277 3466 439 3534 exoodeubs
454 3466 614 3543 subulam,
637 3468 702 3533 rete
717 3465 930 3544 lariusoulnm,
953 3466 1008 3532 illo
1028 3465 1214 3533 ramulorum
1235 3465 1357 3550 longius
1373 3466 1561 3544 areolarum,

276 3589 330 3654 pru
346 3571 434 3654 parte
448 3573 552 3636 ennete
568 3569 885 3654 parenabpmatosum.
906 3570 1061 3656 Vaginuln
1076 3570 1159 3636 loliis
1175 3567 1278 3655 longis
1291 3571 1422 3656 anguste
1432 3570 1561 3638 lanceo-

274 3674 359 3755 lntis,
375 3673 568 3760 arebegoniis
585 3674 753 3742 numerosis
769 3677 802 3742 et
814 3674 1037 3760 panephysibus
1053 3675 1311 3742 numerosissimis
1325 3673 1446 3740 strictis
1455 3675 1559 3741 sentis

274 3779 453 3846 subantibus
475 3779 607 3846 obtecta.
639 3779 772 3864 Capsula
795 3781 858 3848 alie
882 3780 1076 3864 pedioellata,
1099 3780 1299 3848 boriaenlalis
1323 3778 1371 3848 vel
1394 3779 1555 3858 inclinata,

273 3901 341 3950 eum
364 3883 441 3952 collo
456 3885 507 3949 sat
521 3882 614 3970 longo
630 3883 969 3970 elongato-piriformis,
992 3886 1106 3952 collum
1122 3905 1225 3954 uorsus
1243 3887 1352 3953 leuiter
1367 3883 1554 3962 incrassata,

273 3987 354 4056 baud
378 4006 448 4054 rare
471 3987 725 4068 subventrieosa,
757 3991 861 4056 exacte
893 3993 1016 4056 matura
1043 3990 1157 4074 pallide
1180 3991 1284 4069 lusca,
1317 3989 1398 4055 sicea
1421 3989 1479 4054 sub
1500 4006 1556 4054 ors

237 4139 241 4150 ·
271 4091 382 4160 leuiter
404 4093 572 4160 enarotata.
617 4091 799 4177 Operoulum
823 4095 886 4160 alte
908 4114 1075 4162 convexum
1100 4095 1149 4159 vir
1184 4093 1391 4178 spieulatnm,
1425 4092 1554 4176 capsula

272 4195 397 4280 paulum
419 4197 588 4262 naturalius
612 4197 755 4264 tinctum.
802 4197 1022 4266 Peristomium
1047 4199 1104 4264 Br.
1128 4199 1304 4284 copilloris.
1350 4195 1463 4280 Spurae
1486 4195 1552 4262 illis

272 4299 396 4384 hujusce
417 4299 528 4382 speciei
551 4300 674 4384 paulum
699 4300 1072 4386 majomapuuotulataa,
1096 4301 1296 4389 ferrugineus.

358 4419 468 4486 Hodoi.
491 4421 522 4486 in
546 4423 667 4506 rupium
691 4423 811 4489 fissuris
834 4423 968 4491 humidis
991 4423 1127 4510 regionis
1150 4425 1330 4508 subalpinae
1353 4423 1386 4488 et
1407 4421 1549 4506 alpinae:

270 4541 364 4608 prope
386 4524 586 4611 Kondorslop
610 4548 649 4596 m.
675 4529 798 4594 Gonnoi
819 4529 858 4594 ad
881 4548 970 4612 rupes
993 4529 1161 4609 irroratus,
1185 4529 1217 4595 in
1241 4549 1281 4595 m.
1305 4529 1422 4594 Atbrdo
1446 4527 1547 4594 Rbea-

270 4628 342 4710 uuo,
366 4631 398 4696 et
422 4629 453 4695 in
476 4649 517 4698 m.
537 4630 711 4698 Cbosseroo
732 4634 821 4720 parte
837 4633 998 4724 sylvatica,
1021 4633 1072 4700 ubi
1088 4633 1177 4702 annio.
1195 4633 1404 4714 Lusuunnnux
1418 4631 1549 4718 detexit,
