3412 5244
281 328 346 414 408
694 319 696 322 ’
850 320 992 392 Bryaeeaa.
1016 409 1020 414 Ι

283 455 408 588 Bryam
428 499 560 585 placicio
585 498 782 564 Sesnnrenna
804 495 837 560 in
859 495 959 562 seheri.

375 623 496 702 Haec,
519 621 555 685 ut
577 620 615 684 cl.
632 619 860 683 Wrnnnnanrrc
884 618 998 700 optime
1020 617 1105 696 dicit,
1127 617 1179 682 ubi
1198 636 1277 699 aqua
1292 617 1418 683 fontana
1433 637 1487 699 per
1502 620 1562 683 ter-

282 745 350 792 ram
381 725 521 792 sterilem
552 724 724 806 glareosam
756 720 893 799 diffluit,
925 722 1087 805 eregione
1117 721 1282 802 campestri
1314 723 1466 803 usquein
1489 722 1561 786 sub

224 815 226 822 ¹
283 829 420 912 alpinam
441 847 496 910 per
517 827 616 891 mam
633 825 806 906 Europam
828 824 861 888 in
883 824 1009 906 rupibus
1032 825 1165 890 humidis
1189 843 1233 906 pr.
1255 825 1450 889 Tecmonem
1476 827 1507 890 et
1529 825 1562 889 iu

283 934 389 1019 glarea
411 930 535 997 humida
557 949 602 1011 pr.
620 929 962 1014 Astron-ceder-Lpne
984 927 1117 1012 Angiiae
1139 928 1260 1010 copiose
1276 928 1467 994 fructiferam
1483 929 1562 1011 legii

283 1035 373 1102 amic.
397 1034 515 1110 Woou;
538 1051 601 1098 var.
625 1038 645 1111 β
666 1031 699 1096 in
721 1031 846 1116 regione
869 1031 971 1114 alpina
994 1033 1033 1097 ad
1055 1031 1157 1096 ionas
1180 1033 1211 1096 et
1233 1031 1265 1096 in
1288 1031 1451 1116 uliginosis
1473 1031 1564 1116 inigi-

283 1139 343 1233 dis²
365 1136 513 1202 fructibus
536 1136 624 1200 raris.
654 1187 656 1190 .

322 1321 326 1330 ι
371 1241 480 1306 Fract.
503 1246 619 1304 mutar.
644 1257 724 1316 vere,
744 1237 778 1302 in
801 1236 932 1319 Alpibus
955 1239 1085 1304 aestate.

372 1369 492 1430 Formae
514 1368 640 1425 minores
663 1365 822 1439 majoribus
844 1365 888 1423 W.
911 1386 1033 1424 corneae
1055 1367 1172 1437 similes,
1195 1366 1320 1439 majores
1336 1365 1390 1424 Br.
1413 1367 1563 1425 turbinato

286 1474 347 1516 rar.
370 1456 510 1529 latifolia,
544 1471 561 1511 a
592 1470 647 1527 que
681 1455 778 1510 autem
810 1454 871 1510 tem
905 1454 1025 1513 mollitie
1058 1455 1184 1512 omniurn
1207 1453 1335 1526 partium
1359 1471 1445 1526 qnam
1468 1454 1565 1512 colore

285 1541 492 1619 glauco-viridi
515 1540 606 1614 prime
635 1539 744 1598 intuitu
769 1539 997 1614 distinguuntur.
1044 1539 1111 1598 Flos
1135 1540 1278 1598 masculus
1301 1540 1510 1598 crassiusculus
1535 1541 1564 1598 in

286 1647 348 1689 var.
371 1629 391 1700 pt
417 1629 496 1686 haud
526 1644 592 1685 rere
621 1627 740 1684 ramulis
758 1626 954 1684 circumsitos
981 1628 1127 1701 reperitur
1151 1631 1182 1685 ut
1205 1626 1234 1684 in
1258 1627 1405 1684 l’lriloncti
1426 1628 1564 1700 sorriana,

285 1717 493 1789 innumeraque
516 1713 682 1772 antheridia
705 1715 793 1786 atque
816 1715 997 1788 pareplryses
1020 1715 1177 1789 perlongus
1199 1715 1447 1788 purpurascentes
1470 1715 1564 1772 conii·

286 1807 346 1862 net.
391 1801 608 1872 Innovationes‚
632 1803 665 1858 ut
688 1803 718 1858 et
740 1799 860 1874 plantae
883 1801 1030 1859 masculae
1057 1801 1188 1860 novellae
1204 1801 1339 1875 gracilae,
1361 1800 1474 1860 fructus
1488 1799 1568 1858 baud

287 1906 353 1949 raro
376 1890 524 1963 superant.

771 2072 849 2148 (ian.
872 2073 902 2148 3.
946 2072 1082 2169 Brpnm.

796 2235 916 2294 Drnnnrr.
940 2235 1050 2294 emend.

376 2368 508 2433 Plantae
519 2405 521 2408 -
531 2385 677 2449 perennes
701 2366 756 2431 sub
778 2365 864 2448 apice
879 2366 1013 2431 iiorilero
1029 2366 1208 2448 plerumque
1222 2364 1470 2430 innovationibus
1484 2363 1566 2428 binis

284 2471 474 2548 innovantes,
498 2470 578 2536 unde
600 2471 703 2536 aetate
726 2471 841 2552 pluries
864 2469 1069 2546 directanee,
1092 2469 1270 2550 plerumque
1292 2467 1437 2534 radiculis
1459 2487 1566 2533 uume-

285 2575 364 2639 rosis
388 2575 537 2641 obtectae.
582 2574 669 2639 Folia
691 2574 838 2656 quinque·
860 2577 892 2637 et
915 2573 1108 2649 octostieha‚
1143 2572 1470 2654 semiamplexicaulie,
1494 2571 1565 2636 sub-

286 2677 478 2744 decurrentia
492 2680 525 2743 et
541 2676 741 2755 decurrentia,
758 2680 864 2742 ovato·
881 2677 912 2742 et
927 2674 1257 2760 oblongo-lanceolata.
1274 2675 1450 2741 acuminata
1464 2677 1565 2752 arum,
1676 2745 1677 2758 ἦ

286 2800 356 2846 raro
379 2781 601 2847 subretundata
617 2782 737 2859 obtusa,
760 2780 849 2846 firme
864 2780 1104 2861 tereti-eostam,
1127 2781 1213 2846 costa
1232 2779 1357 2858 boreali,
1380 2779 1412 2844 in
1427 2779 1565 2863 plurimis

286 2884 462 2963 excedente;
485 2888 549 2951 rete
569 2905 586 2950 e
601 2884 719 2950 cellulis
735 2884 873 2949 laevibue
887 2884 1063 2950 lariueculis
1079 2883 1241 2949 subsolidis
1257 2884 1376 2949 areolas
1391 2884 1565 2967 hexagono-
1676 2873 1677 2876 '

286 2988 446 3056 rhombeas
470 2989 671 3056 efficientibus
694 2989 871 3054 formatum.
916 2988 1022 3053 Floras
1039 2989 1217 3066 bisexualse‚
1240 2987 1372 3054 monoici
1396 2987 1445 3053 vel
1465 2985 1566 3064 dicici,

286 3093 415 3162 masculi
430 3094 669 3178 gemmiiormes,
692 3111 760 3158 raro
781 3091 999 3168 subdiscoidei3
1022 3093 1204 3176 archegenia
1226 3095 1258 3157 et
1273 3093 1445 3158 autheridia
1460 3110 1565 3157 nnme-

287 3215 366 3276 rosa‚
390 3197 492 3263 aetate
508 3191 771 3279 purpurascentie,
795 3195 1018 3279 parapbysibes
1038 3195 1241 3260 filiiormibus.
1273 3193 1421 3278 Calyptra
1436 3197 1565 3280 anguste

284 3300 450 3379 cucullata,
467 3302 538 3365 ante
555 3299 697 3382 capsulae
719 3299 932 3365 maturitatem
953 3299 1110 3383 effrrgiens.
1156 3299 1244 3364 Folia
1266 3299 1495 3381 periebaetialia
1515 3317 1566 3364 co·

287 3404 421 3470 malibus
444 3406 583 3483 minora,
614 3405 695 3470 hand
727 3403 917 3488 vagiuantie.
965 3403 1097 3486 Capsule
1124 3403 1158 3468 in
1180 3401 1328 3485 pedieeilo
1351 3402 1444 3488 longe
1467 3401 1565 3468 tanam

287 3507 436 3586 exaltata,
459 3506 608 3574 inclinate
629 3507 677 3572 vel
692 3507 832 3589 pendula,
856 3506 935 3572 cello
964 3505 1061 3572 solido
1077 3505 1195 3590 adjecto
1210 3505 1391 3590 piriiormis,
1414 3505 1566 3592 regularis

288 3610 337 3676 vel
359 3608 471 3676 leniter
485 3609 619 3690 incurva,
643 3630 697 3692 pro
713 3630 797 3676 more
812 3611 958 3690 coriacea,
983 3611 1163 3694 ferruginea,
1186 3611 1339 3677 nitescens
1354 3614 1386 3677 et
1402 3629 1568 3694 purpuras-

287 3727 369 3790 ernr,
391 3731 494 3795 opaca,
517 3712 555 3779 ad
571 3713 683 3780 collum
699 3715 940 3796 stematoplmra.
972 3714 1155 3796 Operculurn
1178 3732 1354 3795 convexum,
1377 3715 1497 3797 apicula
1512 3733 1568 3796 pa·

287 3816 448 3900 pillilormi
469 3818 663 3882 instructum.
705 3818 846 3883 Anneius
869 3818 901 3882 in
925 3817 1065 3900 plurimis
1087 3819 1190 3898 latus,
1213 3818 1421 3900 compositus,
1445 3817 1569 3884 revolu-

288 3919 370 3986 bilis.
415 3919 633 3984 Peristomium
664 3919 791 4002 duplex:
823 3922 940 3986 externi
973 3921 1079 3986 dentes
1101 3922 1207 4006 lengi,
1239 3921 1569 3988 alineali-leneeolato

288 4020 435 4100 subulati,
450 4021 577 4087 dimidio
594 4023 734 4088 inferiore
749 4024 840 4089 dense
855 4025 1024 4103 articulati,
1048 4027 1131 4090 intus
1145 4025 1309 4102 lamellati,
1331 4026 1420 4092 valde
1436 4027 1568 4111 tygres·

288 4124 398 4206 copici;
421 4125 534 4190 interni
561 4126 737 4192 membrana
752 4127 896 4194 basilaris
915 4128 1120 4207 lii-carinata,
1143 4149 1238 4213 usque
1261 4131 1300 4196 ad
1322 4129 1438 4196 medies
1462 4131 1568 4195 dentem

289 4228 465 4308 ascendens,
488 4247 646 4311 processus
669 4231 816 4296 emittens
838 4231 992 4298 carinatos
1016 4233 1047 4298 in
1063 4233 1168 4300 carina
1183 4235 1352 4318 interrupte
1367 4232 1570 4310 dehiscentes,

290 4332 362 4399 cilia
384 4332 434 4398 vel
455 4333 676 4418 fragmentaria
698 4335 838 4402 dentibus
861 4336 1074 4418 adhaerentia,
1107 4337 1156 4402 vel
1188 4337 1285 4404 libera
1308 4337 1486 4404 2-3-nata
1507 4335 1570 4400 iili-

291 4435 400 4503 iormia
422 4439 454 4502 et
473 4438 513 4503 ad
535 4431 765 4507 articulationes
781 4443 956 4506 transverse
970 4441 1212 4524 appendiculate,
1234 4440 1331 4508 rarius
1347 4441 1569 4526 erappandicu·

291 4541 367 4606 late.
413 4541 526 4624 Speras
548 4563 622 4610 mm.
645 4543 845 4628 ¹sine—vieo
863 4544 1035 4626 metientes,
1058 4546 1258 4631 ferrugineas,
1281 4545 1393 4626 luteae.
1417 4547 1568 4613 virescen

294 4647 352 4725 tes,
376 4646 478 4714 laeves
501 4650 549 4714 vel
572 4649 790 4718 verruculosae.
821 4649 983 4718 Habitatio
1005 4649 1163 4717 terrestris
1185 4651 1217 4716 et
1239 4648 1389 4718 suatur.
