3268 5218
682 235 853 290 Pottioideae.
1364 233 1402 300 17

98 419 268 502 physibus
300 413 513 482 crassiusculis
544 413 659 494 pallide
685 411 915 477 latescentilrus.
960 409 1114 493 Vagiuula
1135 409 1255 487 brevis,
1286 409 1404 476 moras·

100 527 189 588 sata.
224 521 387 603 Calyptra
410 517 537 596 minuta,
560 517 622 582 fere
644 515 683 582 ad
704 515 821 598 apicem
844 514 928 594 fissa,
951 514 1092 580 dilatata.
1125 513 1256 598 Capsnla
1271 514 1303 580 in
1317 514 1403 598 pedi·

104 629 188 692 cello
213 626 321 701 broni,
345 623 470 706 pallido,
493 623 578 688 recto
602 621 649 686 nel
672 621 797 685 cornulo
821 620 945 692 omnino
966 619 1120 697 immersa,
1143 619 1281 703 globosa,
1303 619 1402 685 rarius

106 737 214 808 orata,
233 729 379 794 breviter
394 731 426 790 et
441 728 550 790 obtuse
565 724 747 802 acuminata,
764 725 1001 788 rulo-cestanea
1026 721 1140 804 Sporae
1155 723 1267 802 fuscae,
1291 723 1403 806 sphae-

111 838 203 912 ricae,
228 835 330 898 derisa
353 834 386 897 et
408 830 615 896 minutissime
636 829 828 912 maculatae.
873 827 977 910 Bryol.
1001 846 1063 892 eur.
1087 826 1156 892 Vol.
1176 826 1202 904 Ι,
1225 827 1299 892 Tub.
1322 828 1354 892 5.

115 955 278 1018 Pensa-um
305 952 511 1036 caepidutum
534 950 717 1028 ooalescens,
741 949 824 1012 loliis
847 949 948 1014 oratis
963 947 1131 1030 cuspidatis
1148 947 1271 1030 patulis,
1293 947 1402 1012 termi-

223 1056 353 1122 nalibus
376 1054 487 1120 erectis
509 1051 750 1120 conniventibus.
795 1051 928 1118 Scenae.
956 1053 993 1118 de
1015 1052 1135 1117 Phasoo
1160 1051 1249 1131 VIII,
1271 1052 1346 1118 Tab.
1373 1053 1401 1129 l,

225 1181 297 1226 curn
338 1159 425 1224 icone
462 1158 591 1240 optima.
635 1158 746 1221 Hnnw.
778 1155 864 1238 Spec.
895 1157 991 1222 Muse
1046 1155 1132 1220 Naue
1168 1158 1200 1220 et
1237 1157 1400 1221 Honnsou.

228 1263 339 1346 Bryol.
362 1283 460 1346 gerru.
490 1262 583 1326 Bam.
606 1262 709 1344 Bryol.
726 1267 806 1325 anniv.
838 1261 964 1325 Hauon.
981 1261 1092 1326 Slsnd.
1108 1261 1190 1326 Flor.
1220 1261 1400 1326 DuNouan.

231 1367 352 1450 Syllab.
376 1371 407 1430 et
431 1365 515 1448 Epil.
559 1365 691 1428 Mundae
718 1364 850 1448 Syuops.
895 1365 994 1428 Becn.
1024 1369 1056 1428 et
1082 1364 1174 1430 Sena.
1201 1364 1308 1449 Bryol.
1337 1384 1399 1432 eur.
1484 1371 1488 1378 '

228 1471 361 1536 Wnson
384 1471 489 1553 Bryol.
513 1468 592 1534 Brit
897 1490 902 1496 ·

120 1593 190 1658 l'ar.
207 1601 240 1672 β.
259 1592 520 1676 aucoropdyllum.
552 1589 653 1655 Cauiis
669 1590 771 1654 breuis
786 1589 834 1654 vel
850 1589 971 1668 elatior,
994 1589 1068 1654 folia
1083 1589 1213 1654 comalia
1237 1591 1398 1672 elongato·

225 1695 364 1772 linealis,
386 1694 541 1771 molliora,
566 1693 767 1758 subflaruosa.
806 1692 938 1774 Gapsula
959 1693 1073 1776 pallide
1095 1693 1190 1758 lusca.

122 1800 279 1864 Phaecam
303 1798 554 1884 muci-oplyllum
578 1797 689 1862 Wrnan
712 1797 796 1862 Flor.
822 1797 990 1863 Werthem.
1015 1797 1063 1882 (en
1090 1799 1219 1880 exempl.
1247 1799 1400 1884 authent.)

120 1921 193 1986 l'ar.
215 1949 241 2004 γ.
265 1921 538 1986 &treber-ionum.
582 1917 685 1984 Caulis
708 1917 823 1996 elatus,
855 1937 983 2000 superne
1005 1919 1119 2002 pluries
1141 1919 1267 1984 divisus,
1313 1919 1400 1984 Folia

228 2029 359 2100 remota,
382 2021 515 2090 comalio
536 2023 684 2105 patentia.
731 2021 863 2104 Oapsula
886 2043 1055 2107 emergens.

119 2131 284 2194 Polaenum
308 2129 568 2194 Scdredcrionum
591 2128 698 2192 Dreros,

112 2235 279 2299 Plancum
302 2234 399 2316 affine
421 2233 527 2316 Bryol.
548 2251 656 2314 germ,
679 2231 728 2295 vir
752 2232 790 2297 ab
812 2231 869 2297 hnc
891 2250 956 2297 var.
979 2229 1169 2296 distinctum.

111 2355 188 2420 l'ar.
212 2361 241 2419 d.
265 2355 442 2437 pelliferum,
465 2352 591 2430 humile,
614 2354 711 2418 l'orme
733 2353 862 2418 normali
885 2353 995 2419 minue.
1040 2353 1126 2417 rolla
1147 2355 1302 2437 congesta,
1325 2353 1398 2418 sub·

224 2457 438 2535 conniventia,
477 2457 610 2533 urinum,
648 2461 735 2523 coste
764 2457 796 2521 in
826 2457 981 2538 cuspidem
1017 2457 1185 2540 longiorem
1221 2457 1397 2522 fililormem

226 2564 354 2626 exeunte
383 2563 552 2638 instructa,
582 2561 782 2638 colementis,
813 2561 899 2642 apice
930 2560 1009 2625 haud
1039 2579 1108 2625 raro
1135 2561 1276 2626 decolora
1298 2580 1397 2624 mem·

226 2667 388 2730 branacca.
434 2663 567 2745 Consule
598 2665 724 2748 globosa
756 2684 886 2748 magua,
922 2667 988 2730 tota
1018 2665 1179 2743 immersa,
1212 2663 1293 2729 inter
1324 2664 1398 2730 folia

223 2768 400 2850 conspicuo,
422 2767 571 2848 pedicello
593 2786 647 2849 pro
670 2785 754 2832 more
775 2769 900 2832 curvulo
923 2768 1059 2845 suffulta,
1081 2768 1326 2850 rulo-purpurea.

117 2875 279 2938 Piraeeum
291 2873 473 2956 pilifcrom,
496 2873 679 2949 caulescens,
695 2871 777 2937 foliis
793 2872 933 2955 oblongis
950 2871 1090 2954 piliieris‚
1106 2872 1226 2937 erectis.
1260 2871 1395 2938 Sennea.

224 2979 264 3042 de
289 2977 408 3042 Pliaseo
434 2995 460 3041 o.
483 2978 561 3041 icon.

157 3081 244 3146 Nuus
267 3083 301 3144 et
325 3081 486 3144 Hoauscu.
510 3080 615 3163 Bryol.
639 3100 736 3164 germ.
754 3101 822 3146 eum
846 3088 964 3161 carrad
987 3081 1159 3164 rufesccue,
1181 3071 1305 3164 cuspide
1327 3082 1396 3146 bre-

223 3187 311 3250 viore
336 3185 417 3261 rufa3
448 3212 466 3268 y
488 3185 674 3268 taurisellam,
705 3187 787 3251 foliis
809 3184 971 3251 latioribus
994 3186 1166 3270 longipilis;
1198 3192 1394 3270 opernrnoe-

220 3291 344 3374 forme,
376 3291 459 3356 loliis
490 3309 588 3372 super.
619 3291 649 3355 in
685 3291 809 3356 bulbum
837 3291 1088 3366 conniventibus;
1120 3310 1395 3374 rmucrocorpoa‚

223 3394 310 3460 foliis
354 3393 546 3458 densissimis
591 3394 844 3471 srrborbiculatis,
889 3395 1014 3476 capsula
1051 3394 1199 3459 crassiore
1236 3393 1274 3458 ad
1311 3393 1395 3459 latus

222 3499 405 3580 prodeunte.

116 3619 184 3685 Var.
210 3645 236 3686 ε.
269 3619 458 3682 morcinctum
481 3621 525 3700 (et
548 3633 566 3697 ς
588 3625 702 3682 emtum
725 3619 793 3684 nob.
825 3619 889 3701 ol).
941 3617 1044 3684 Caulis
1076 3618 1187 3683 elatior
1219 3617 1396 3700 plerumque

221 3723 354 3788 divisus.
401 3719 534 3802 Capsnle
555 3721 586 3786 in
609 3721 757 3802 pedicello
789 3723 915 3788 curvato
937 3740 954 3786 e
976 3721 1154 3803 perichaetii
1177 3721 1276 3786 latere
1297 3740 1397 3786 emer·

119 3845 488 3996 remcfflscureecum
510 3930 616 3995 Drcns.
639 3931 737 4013 crypt.
762 3930 848 4008 Fuso,

118 4035 275 4100 Phaonem
306 4033 422 4098 wem
451 4035 541 4098 Brun.
571 4034 603 4098 in
631 4033 767 4099 Semnan.
795 4035 902 4100 Journ.
937 4033 1030 4113 1800,
1060 4033 1154 4116 ejusd.
1184 4033 1289 4115 Bryol.
1313 4034 1395 4099 univ.

223 4138 415 4204 scnwnmn.
446 4137 551 4220 Suppl.
598 4138 686 4203 Wnn.
719 4141 752 4203 et
781 4139 880 4205 Mona
908 4140 1018 4206 Tasch.
1063 4139 1150 4203 Nuus
1179 4140 1211 4202 et
1232 4137 1395 4206 Hoauson.

222 4241 332 4325 Bryol.
359 4260 455 4325 germ.

132 4459 134 4464 Ι
202 4365 313 4431 Hodie.
329 4363 580 4448 vulgatissimum
597 4365 629 4430 in
645 4365 875 4447 campestribus,
899 4363 992 4448 agne,
1016 4363 1148 4446 paeonis,
1171 4365 1237 4428 tam
1259 4363 1394 4428 arenosis

113 4487 204 4550 qnam
221 4467 468 4550 snbargillaccis,
491 4469 529 4535 ad
542 4469 662 4534 uiarum
677 4469 788 4547 latera,
810 4489 863 4552 per
879 4470 979 4534 totam
996 4469 1161 4549 Europam,
1183 4466 1394 4550 frigidisalma‚

112 4575 252 4655 excepta.
298 4571 474 4638 Varietetce
496 4573 613 4638 formae
636 4572 766 4638 normali
788 4573 870 4639 haud
893 4592 963 4639 raro
981 4571 1177 4636 intermixtae
1193 4569 1395 4652 reperiuntur,

165 4684 300 4734 &unarum
317 4683 432 4734 synopsis.
460 4686 500 4726 Ed.
516 4687 549 4727 11.
1170 4673 1187 4726 2
