3290 5214
643 367 817 429 Introductis.
1345 367 1370 426 V

108 547 152 612 vel
173 545 349 622 atro-rufum
372 545 506 613 fibrillae
530 546 708 632 pallidiores
731 549 849 632 apicem
872 567 979 614 versus
1001 547 1125 615 omniuo
1146 547 1302 615 decolores
1324 547 1371 614 in·

107 651 266 716 venimbn.
296 651 479 736 Superfioies
495 650 544 716 vel
558 652 682 718 omnino
697 652 794 718 laevis
811 653 861 718 vel
877 652 1033 736 punctulis
1049 671 1158 737 nepem
1172 652 1370 738 conspicitur.

591 869 617 938 ς.
642 869 670 927 2.
709 869 751 928 De
774 868 865 927 caule.

184 1017 284 1083 Caulis
306 1017 338 1082 in
360 1017 502 1082 omnibus
525 1018 638 1084 muscis
661 1017 759 1096 adest,
782 1018 814 1082 in
837 1017 908 1082 aliis
931 1016 1129 1082 brevissimus
1152 1018 1184 1082 et
1206 1017 1257 1083 vir
1280 1016 1373 1082 semi·

109 1119 240 1196 linearis,
263 1121 291 1185 iu
314 1120 385 1186 aliis
405 1119 628 1205 longissimus,
659 1120 891 1206 sesquipedalis.
938 1119 1094 1204 Simplex,
1117 1121 1233 1204 passim
1254 1120 1371 1186 divisum

109 1225 249 1308 reperitur
268 1225 298 1289 in
320 1225 505 1308 Aorooarpis
538 1226 663 1304 annuis,
695 1224 885 1310 compositus
918 1243 972 1290 seu
1005 1223 1253 1291 innovationibus
1276 1225 1372 1290 semel

110 1331 255 1414 saepiusve
277 1331 426 1415 repetitus
449 1331 481 1395 in
504 1333 687 1416 Acrocarpis
709 1331 909 1416 perennibus,
939 1349 1096 1396 ramosum
1128 1347 1198 1394 erum
1228 1327 1312 1395 vides
1339 1329 1371 1396 in

110 1433 212 1500 Muscis
235 1435 481 1519 pleurooarpieis,
505 1436 557 1518 qui
581 1455 685 1502 omnes
708 1435 807 1500 vitam
829 1434 955 1519 longam
978 1432 1088 1518 degere
1110 1433 1220 1500 solent.

184 1554 374 1621 Ramifieatio
410 1555 456 1620 sio
485 1554 568 1620 diota
589 1555 836 1640 Acraearporum
868 1573 903 1620 ex
926 1553 1173 1620 innovationibus
1196 1552 1278 1620 baud
1300 1573 1369 1620 raro

111 1658 271 1741 perplures
293 1678 387 1726 annos
411 1658 565 1726 continuis
588 1660 729 1744 cautique
752 1658 897 1743 primario
922 1659 1028 1724 exacte
1050 1658 1212 1736 similibus,
1235 1658 1370 1742 plerum·

111 1780 160 1842 que
178 1762 391 1830 dichotomiam
413 1763 580 1848 repetitam
601 1763 831 1842 mentientibus,
854 1783 915 1829 non
937 1781 1010 1830 vera
1032 1761 1215 1828 ramificatio
1238 1763 1295 1838 est,
1319 1761 1372 1827 sed

111 1865 193 1930 caulis
214 1867 372 1933 emorituri
393 1867 580 1950 prodificatio
603 1866 652 1932 vel
675 1866 829 1951 repetitio.
876 1867 957 1932 Vera
984 1865 1168 1930 ramificatio
1191 1863 1373 1931 Pleurooar·

111 1967 284 2054 pispropria
305 1973 363 2048 eet,
386 1971 505 2036 Musois
526 1989 635 2056 nempe
658 1989 788 2056 quorum
811 1971 908 2037 caulis
931 1971 1096 2054 primarius
1119 1967 1372 2036 ramificationem

112 2075 172 2138 ante
191 2074 458 2141 fructificationem
472 2075 608 2152 inchoat,
632 2076 790 2158 vitamne
804 2074 962 2158 propriam
982 2075 1046 2140 sine
1061 2071 1286 2156 interruptione
1301 2091 1373 2138 con·

111 2175 208 2240 tinuat
250 2178 286 2242 Iu
316 2177 368 2242 bis
400 2177 519 2244 fruetus
548 2178 688 2244 lateralis
711 2177 901 2244 innovationi
923 2177 1079 2243 terminali
1103 2175 1265 2243 continuae
1287 2175 1372 2242 nullo

112 2276 310 2360 inpedimento
334 2283 401 2359 est,
425 2282 457 2345 in
479 2281 543 2347 illis
565 2285 674 2348 contra
696 2281 793 2347 caulis
816 2281 975 2346 annuatim
997 2279 1233 2346 fructificatione
1254 2278 1372 2359 timens,

112 2383 253 2448 annuatim
275 2385 474 2450 innovatione
496 2405 512 2450 e
534 2386 691 2470 gemmula
712 2385 835 2451 laterali
857 2387 1019 2469 procreata
1040 2403 1152 2452 novrum
1167 2383 1371 2468 vegetationis

113 2485 217 2566 cyclum
238 2507 371 2552 annuum
395 2489 520 2573 incipit,
554 2509 614 2573 quo
635 2489 673 2554 fit
695 2491 731 2555 ut
753 2490 930 2574 plantarum
952 2491 1039 2554 aetas
1061 2489 1293 2556 innovationum
1315 2507 1371 2554 uu-

112 2605 185 2656 nero
205 2591 414 2659 determinari.
425 2595 533 2678 possit.

184 2711 255 2778 Cum
293 2712 506 2781 innovationes
542 2716 600 2782 sub
636 2715 738 2782 bvrctu
779 2716 970 2802 egredientes
1013 2733 1103 2800 saepe
1139 2715 1261 2782 binatae
1298 2715 1371 2796 sint,
1463 2769 1466 2776 ,

110 2814 202 2880 multis
222 2817 254 2881 in
280 2815 397 2882 Muscis
419 2819 621 2903 acrosarpiois
645 2821 752 2904 planta
774 2819 918 2886 annosior
940 2818 1055 2903 pluries
1085 2817 1261 2886 dichotome
1281 2818 1372 2884 iasti-

110 2917 330 3000 giato·ramosa
367 2921 573 3006 conspicitur;
623 2925 763 3008 exempla
800 2925 872 2989 sunt
912 2921 1113 2988 Ortbotricbu
1125 2971 1135 3004 ,
1183 2922 1369 3001 Grimmice,

113 3020 332 3104 cynnamoma,
355 3024 467 3109 Brpu,·
501 3026 612 3112 stirpes
635 3047 764 3111 quarum
787 3027 945 3094 innovatio
967 3027 1109 3094 basilaris
1132 3028 1189 3107 est,
1213 3026 1369 3112 simplices

111 3129 255 3206 vernarent,
286 3128 331 3194 ita
358 3129 394 3193 ut
423 3148 540 3195 annuas
568 3150 619 3196 eas
645 3130 778 3206 dicerem
809 3131 948 3216 exempla
971 3131 1118 3215 praebent
1141 3131 1250 3212 Μπία,
1284 3129 1368 3195 Tim

113 3229 192 3308 uim,
217 3231 409 3315 Polytricbo.

181 3333 264 3415 Quod
295 3336 334 3400 ad
366 3337 620 3404 ramifioationem
643 3339 920 3424 Pleurocarporum
951 3341 1103 3424 pertinet,
1136 3359 1215 3426 vaga
1244 3339 1367 3418 dicitur,

110 3453 167 3500 curu
186 3441 260 3506 rami
283 3441 457 3508 inordinate
478 3441 621 3526 dispositi
645 3445 718 3509 sunt
740 3443 955 3524 (quiuctis,
990 3445 1135 3522 Omuliu,
1170 3443 1367 3520 Aoomodon,

112 3535 322 3626 Plupictbecic,
346 3545 561 3630 Amblystepiu
584 3549 616 3612 et
639 3547 761 3632 Hypuu
783 3548 931 3614 nonnulla
954 3547 1044 3632 eto),
1075 3547 1125 3613 vel
1146 3547 1286 3632 pinnata,
1314 3545 1367 3612 ubi

110 3645 173 3708 nni
193 3665 225 3712 er
245 3649 396 3733 oppositis
411 3649 508 3714 caulis
524 3650 674 3716 lateribus
690 3650 903 3736 egrediuntur3
926 3651 1110 3736 simpliciter
1127 3651 1276 3734 piuuotc,
1297 3669 1367 3716 cum

112 3747 174 3812 uni
193 3751 248 3815 tali
263 3751 355 3818 modo
378 3753 511 3818 ordinati
527 3753 680 3838 simplices
697 3757 855 3822 remanent
875 3755 1032 3839 (Nemera
1048 3755 1166 3839 crispo,
1194 3753 1367 3819 Tbuidium

111 3847 270 3936 chiminum,
295 3856 447 3940 Hypuum
471 3859 748 3944 adunamus),
772 3859 952 3944 duplici-vel
975 3860 1164 3945 epicurus,
1186 3878 1256 3925 curm
1278 3878 1296 3925 e
1318 3879 1367 3925 ra·

111 3953 187 4022 nulio
206 3961 316 4026 ramuli
339 3959 447 4032 eodem
469 3963 559 4029 modo
582 3963 720 4030 biseriati
748 3965 932 4050 proveniunt
953 3965 1146 4046 (Tisidium
1167 3964 1366 4043 minutulum,

111 4053 323 4144 scimusne),-
338 4067 529 4149 tripinnctu,
545 4086 614 4132 cnm
630 4069 740 4134 ramuli
756 4069 845 4134 tertii
861 4067 975 4135 ordinis
990 4069 1104 4136 iterum
1118 4068 1237 4153 pinnati
1252 4068 1368 4152 reperi-

112 4161 189 4226 untur
209 4166 396 4246 (Tisidium
427 4171 690 4254 tumarisciuum).
734 4171 837 4238 Cauiis
865 4172 1211 4253 suaciensium-ramosus
1239 4175 1367 4239 vocatur

113 4277 168 4326 cun
189 4269 262 4334 muni
286 4272 342 4336 sub
365 4271 451 4356 apice
474 4293 509 4338 ex
532 4273 639 4340 eodem
661 4274 724 4340 fere
747 4278 860 4359 puncto
883 4277 938 4341 aut
954 4276 1065 4342 saltem
1079 4275 1137 4340 sibi
1153 4275 1289 4360 proxime
1305 4277 1366 4343 ori·

112 4367 189 4432 untur
207 4371 417 4458 (OEimaes'um,
444 4377 474 4440 Τ
473 4376 646 4459 hearnium,
670 4377 890 4463 Hylocomium
912 4379 1115 4454 umbratam).

183 4491 282 4560 Cauiis
312 4496 475 4564 confertim
510 4518 650 4566 ramosus
673 4501 721 4566 est
743 4519 813 4566 oum
835 4500 913 4565 rami
936 4499 1025 4565 valde
1048 4498 1253 4583 approximati
1276 4502 1364 4579 sunt;

113 4595 356 4679 ereaturamosns,
379 4601 431 4666 nbi
453 4603 532 4666 rami
554 4621 571 4668 e
593 4605 681 4669 caule
696 4604 913 4688 procumbente
933 4623 999 4670 sese
1013 4604 1188 4689 resurgunt,
1212 4604 1289 4668 rami
1305 4604 1364 4689 ipsi

114 4697 356 4770 erutoramulosi
378 4705 460 4784 eunt,
483 4725 553 4773 oum
575 4707 687 4773 ramuli
710 4725 727 4772 e
748 4707 842 4774 ramis
864 4707 1029 4792 prostratis
1052 4725 1118 4773 sese
1133 4707 1257 4793 erigunt
1272 4708 1365 4793 atque
