3208 5214
601 247 770 303 Weisinceac.
1284 247 1324 314 65

43 422 113 486 Var.
129 429 160 487 o.
178 430 390 506 compactam.
429 421 586 504 Gaespites
610 420 798 498 condensati,
821 420 943 486 cviridi
965 421 1160 486 lutescentes.
1198 420 1327 487 Plantae

151 527 261 591 minus
285 525 402 603 elatae,
430 525 616 608 graciliores.
662 526 750 590 Folia
775 525 932 602 breviora,
964 541 980 588 c
1002 523 1069 588 basi
1095 523 1205 589 latiore
1228 525 1328 590 solvito

150 631 331 712 angustata
364 630 551 706 lanceolata,
589 629 679 694 valde
710 628 904 711 crispabilia,
942 627 1081 712 margine
1118 627 1328 712 integerrima.

150 732 295 814 Capsnla
318 732 506 811 abbreviata,
528 733 634 816 gibba,
657 733 737 798 collo
759 733 1103 798 rotundato-strumoso.
1143 731 1248 814 Bryol.
1266 750 1328 795 eur.

153 835 231 900 Vol.
248 836 275 912 I,
299 835 375 900 Tab.
392 835 443 900 te.

60 939 237 1003 Dictaea-m
260 941 427 1004 Homonai
448 941 554 1006 Boncn
576 940 609 1004 in
631 940 756 1004 Henna.
780 939 894 1005 Skand.
918 940 967 1004 nl.

135 1043 248 1108 liubit.
272 1043 350 1108 locis
373 1043 524 1108 umbrosis
552 1042 686 1108 humidis
716 1042 896 1125 praeprimis
929 1061 1016 1108 secus
1043 1042 1174 1120 rivulos,
1204 1041 1254 1106 ubi
1277 1059 1330 1122 per

61 1149 150 1210 totum
168 1150 285 1230 jugum
309 1145 435 1228 Alpium
456 1147 488 1210 in
513 1149 606 1223 terra,
636 1146 729 1225 saris,
758 1148 851 1228 atque
875 1147 991 1211 truncis
1015 1145 1147 1228 putridis
1171 1145 1270 1230 viget;
1300 1145 1332 1208 in

62 1247 216 1312 Helvetiae
245 1249 367 1312 Valde
393 1250 528 1313 Trooere
550 1268 657 1314 versus
680 1270 720 1313 m.
746 1249 920 1313 Cbosseron
948 1249 1021 1314 dece
1044 1249 1268 1327 Lnsqunnsux,
1298 1247 1330 1312 in
1428 1293 1433 1302 ·

63 1351 223 1432 Pyrenaeis
247 1353 339 1434 inque
361 1352 547 1418 Andalusiae
568 1353 678 1416 Sicera
699 1353 821 1416 uctredo
844 1352 927 1417 altit.
951 1351 1048 1416 9000‘
1071 1371 1157 1416 secus
1180 1350 1277 1428 nives,
1300 1351 1331 1416 in

62 1453 171 1520 Sootiae
194 1475 240 1519 m.
264 1455 330 1519 Ber
357 1455 485 1519 meere
506 1456 674 1537 multisque
698 1455 770 1520 aliis
792 1456 869 1520 loeis
886 1455 1057 1532 Helvetiae,
1082 1455 1214 1538 Tyrolis,
1237 1455 1333 1520 Salis·

63 1555 195 1640 burgiae,
230 1557 407 1640 Norvegiae
429 1560 460 1623 et
483 1558 608 1624 Sueciae
636 1557 714 1641 legi;
746 1558 863 1639 copiose
891 1578 927 1623 er
949 1559 1092 1624 Amorion
1119 1561 1197 1639 sept.
1221 1557 1332 1639 accepi.

65 1658 129 1724 Var.
144 1669 174 1739 ,3.
201 1662 236 1725 in
259 1661 433 1745 Norvegiae
456 1663 628 1744 subalpinis
650 1663 734 1728 haud
756 1682 825 1727 raro
848 1663 1019 1739 observem
1042 1683 1107 1728 var.
1123 1689 1149 1746 γ.
1167 1662 1198 1727 in
1213 1663 1334 1746 Tyrolis

63 1767 147 1844 atque
168 1764 337 1829 Helvetiae
359 1766 488 1848 Alpibus
520 1767 702 1848 praeprimis
733 1785 820 1830 secus
842 1769 1015 1834 cataractas
1038 1767 1087 1830 vel
1108 1767 1225 1830 rivulos
1247 1765 1336 1847 trigi-

64 1868 127 1942 dos;
148 1887 215 1934 var.
239 1876 268 1934 o.
294 1869 325 1932 in
347 1889 469 1934 summa
485 1870 565 1952 Alpe
580 1871 776 1954 Docrefjeld,
798 1870 831 1935 iu
853 1890 974 1936 summo
998 1871 1053 1934 Oct
1075 1872 1110 1934 di
1125 1871 1238 1935 Stelor'o
1260 1887 1337 1934 non-

66 1971 216 2054 nullisque
238 1972 312 2037 aliis
333 1974 410 2038 locis
431 1974 540 2056 reperi.

144 2075 254 2140 Fruar.
280 2085 393 2140 matur.
416 2077 507 2142 initio
529 2079 667 2155 aestatis,
690 2078 723 2142 in
745 2077 876 2160 Alpibus
898 2078 1078 2144 editioribus
1102 2096 1207 2144 versus
1230 2078 1332 2144 linem.

145 2188 272 2246 Maxime
296 2189 393 2248 variat
416 2191 510 2264 quoad
527 2190 688 2262 caespitum
705 2191 888 2260 densitatem,
911 2190 1079 2263 plantarum
1100 2190 1333 2265 magnitudinem

66 2280 146 2346 atque
162 2274 412 2344 ramilicationem,
428 2275 561 2334 soliorum
577 2277 774 2347 directionem,
797 2277 1038 2350 crispabilitatem
1055 2277 1121 2350 plue
1136 2278 1231 2335 minus
1253 2293 1336 2349 mag·

66 2375 143 2426 nam,
173 2361 388 2434 longitudinem
412 2365 499 2435 atque
523 2363 654 2421 colorem.
700 2363 823 2421 Plantae
842 2380 907 2420 mon
931 2363 1026 2421 elatae
1050 2364 1227 2422 robustiores
1256 2379 1338 2435 repe·

66 2446 181 2516 rinntnr,
207 2464 274 2506 rnor
291 2447 412 2506 humiles
435 2449 568 2522 graciles,
590 2467 666 2507 nnnc
688 2466 811 2522 superne
834 2451 966 2507 saturato
983 2449 1089 2506 virides
1113 2448 1223 2507 inferno
1245 2448 1338 2506 ferru-

65 2533 176 2604 gineae,
216 2551 293 2592 nnnc
325 2533 502 2593 lutescentes
523 2535 634 2593 inferne
656 2535 844 2610 nigricantem
890 2536 1017 2609 Oapsnla
1046 2536 1159 2608 longior
1189 2534 1338 2593 breviorve

66 2620 255 2692 conspicitur,
279 2621 455 2690 subcernna,
477 2639 583 2679 cernua
606 2623 636 2678 et
658 2621 862 2692 horizontalis,
885 2623 1147 2697 incurvo-oblonga
1170 2623 1199 2677 et
1222 2621 1338 2694 turgide

67 2709 163 2774 oratu
186 2711 306 2766 matura
328 2707 575 2782 rulo-lemuginea
605 2710 650 2766 est
672 2724 738 2766 raro
769 2709 878 2781 pallida
903 2708 1038 2781 operculo
1062 2708 1206 2776 amentio,
1228 2709 1340 2764 struma

69 2795 128 2862 post
156 2793 360 2851 maturitatem
386 2794 559 2868 nigricante,
590 2794 752 2867 peristomii
784 2795 935 2870 majusculi
965 2795 1101 2852 dentibus
1129 2794 1249 2867 pulchre
1272 2809 1340 2866 pur·

70 2880 157 2947 porois
179 2881 315 2938 siccitate
340 2880 371 2937 in
394 2897 495 2938 conum
520 2880 583 2938 basi
607 2897 764 2938 convexum
788 2881 1018 2939 conniventibus.

151 2966 273 3024 Formae
295 2965 465 3039 graciliores
482 2984 570 3024 nonae
586 2967 818 3039 septentrionali,
841 2967 1019 3026 robustiores
1042 2967 1229 3029 intermediae
1253 2966 1341 3040 atqne

70 3052 244 3110 voendionali
261 3053 397 3126 propriae
412 3055 490 3122 snut,
514 3055 653 3126 utraeque
676 3053 855 3127 caespitibus
876 3054 951 3112 laxis
971 3054 1124 3126 densisque
1148 3053 1340 3126 reperiuntur.

485 3219 567 3295 (len.
594 3222 624 3294 2.
663 3219 923 3296 Ilichodontinm.

578 3345 697 3402 Senum.
722 3345 824 3403 Coroll.

151 3441 286 3506 Plantae
308 3439 378 3506 laxe
400 3440 624 3522 caespitantes,
652 3442 776 3519 molles,
804 3460 858 3523 pro
885 3442 1097 3526 magnitudine
1125 3441 1188 3508 illis
1220 3461 1342 3524 praece-

70 3541 165 3608 dentis
187 3545 311 3628 generis
335 3545 499 3626 proximae.
546 3545 670 3610 Foliae
698 3545 764 3611 basi
795 3546 960 3628 saginante
982 3547 1342 3628 divaricato-squarrosa,

70 3643 398 3726 ligulam-lanceolata,
423 3666 528 3712 versus
550 3648 668 3729 apicem
690 3649 829 3732 margine
844 3647 1058 3733 irregulariter
1072 3651 1343 3726 cremato-serrata,

71 3749 229 3830 papillosa,
255 3769 358 3832 opaca,
381 3750 503 3827 mollia;
526 3751 601 3816 retis
624 3751 744 3816 areolae
766 3752 832 3816 basi
854 3751 955 3818 media
975 3752 1180 3835 rectangulac,
1204 3751 1342 3836 margine

73 3853 255 3932 quadratae,
285 3856 372 3937 apice
403 3853 548 3920 minimae
582 3855 765 3936 quadratae,
803 3855 1013 3938 chlorophyllc
1048 3854 1186 3920 obrutae.
1238 3855 1344 3919 Floras

73 3955 166 4022 dicici.
215 3957 365 4042 Calyptra
387 3957 572 4040 majuscula,
603 3958 813 4036 solidinscula,
843 3958 1005 4024 cucullata.
1051 3958 1183 4040 Capsula
1205 3956 1238 4022 in
1260 3957 1345 4039 pedi·

74 4059 145 4124 cello
169 4061 424 4127 flexuoso-evectu
446 4080 568 4140 cernua,
591 4061 803 4145 pachyderma,
831 4062 939 4139 solida,
968 4061 1075 4139 laevis,
1104 4061 1182 4126 collo
1205 4060 1345 4126 subnullo

76 4179 227 4247 nunqnam
249 4167 416 4230 strumoso.
461 4165 644 4247 Operculnm
672 4167 851 4230 nostratum.
896 4165 1036 4229 Annulns
1059 4163 1170 4228 nullus.
1208 4163 1346 4227 Periste-

74 4267 164 4332 mimn
182 4287 332 4351 magnum
348 4288 544 4351 purpureum
561 4268 667 4333 dentes
683 4268 764 4333 inira
780 4268 911 4333 medium
928 4287 1022 4350 nsque
1038 4266 1085 4331 bi·
1101 4268 1134 4330 et
1148 4265 1255 4348 trifidi,
1270 4265 1348 4330 arti-

73 4371 282 4436 colationibns
292 4372 372 4436 satis
387 4371 529 4436 confertis
545 4371 630 4434 intus
645 4369 836 4452 prominulis.
860 4370 972 4450 Sporac
988 4370 1134 4434 minimae
1149 4368 1349 4453 ferrugineae.

157 4473 327 4538 Habitatio
350 4474 502 4540 terrestris
524 4475 557 4540 et
578 4471 738 4556 rupestris.

158 4577 286 4642 Nomen
309 4595 329 4640 a
348 4595 456 4658 graeca
478 4597 560 4659 vore,
581 4583 675 4667 διχας
696 4577 806 4642 bifidus
829 4578 861 4640 et
886 4579 966 4643 deno
989 4575 1073 4653 dens,
1096 4575 1272 4640 formatum.

122 4691 261 4734 &neuram
277 4687 395 4736 synopsin.
420 4687 458 4728 Ed.
473 4691 508 4731 11.
1130 4679 1146 4731 5
