<?xml version="1.0" encoding="UTF-8"?>
<!DOCTYPE html PUBLIC "-//W3C//DTD XHTML 1.0 Transitional//EN"
    "http://www.w3.org/TR/xhtml1/DTD/xhtml1-transitional.dtd">
<html xmlns="http://www.w3.org/1999/xhtml" xml:lang="en" lang="en">
 <head>
  <title>
</title>
<meta http-equiv="Content-Type" content="text/html;charset=utf-8" />
  <meta name='ocr-system' content='tesseract 3.04.00' />
  <meta name='ocr-capabilities' content='ocr_page ocr_carea ocr_par ocr_line ocrx_word'/>
</head>
<body>
  <div class='ocr_page' id='page_1' title='image "./synopsismuscoru00schigoog_0169.png"; bbox 0 0 3268 5218; ppageno 0'>
   <div class='ocr_carea' id='block_1_1' title="bbox 619 277 1388 350">
    <p class='ocr_par' dir='ltr' id='par_1_1' title="bbox 619 277 1388 350">
     <span class='ocr_line' id='line_1_1' title="bbox 619 277 1388 350; baseline 0.003 -16"><span class='ocrx_word' id='word_1_1' title='bbox 619 277 897 350; x_wconf 73' lang='lat' dir='ltr'><strong>Physcomitrioidcce.</strong></span> <span class='ocrx_word' id='word_1_2' title='bbox 1368 280 1388 345; x_wconf 83' lang='grc'><strong>5</strong></span> 
     </span>
    </p>
   </div>
   <div class='ocr_carea' id='block_1_2' title="bbox 72 451 1392 957">
    <p class='ocr_par' dir='ltr' id='par_1_2' title="bbox 72 451 1392 957">
     <span class='ocr_line' id='line_1_2' title="bbox 72 451 1392 539; baseline -0.001 -19"><span class='ocrx_word' id='word_1_3' title='bbox 72 457 299 536; x_wconf 77' lang='lat' dir='ltr'><strong>lanceolata,</strong></span> <span class='ocrx_word' id='word_1_4' title='bbox 335 455 421 539; x_wconf 90' lang='lat' dir='ltr'><strong>apice</strong></span> <span class='ocrx_word' id='word_1_5' title='bbox 452 455 485 521; x_wconf 90' lang='lat' dir='ltr'><strong>et</strong></span> <span class='ocrx_word' id='word_1_6' title='bbox 508 454 589 520; x_wconf 82' lang='lat' dir='ltr'><strong>inira</strong></span> <span class='ocrx_word' id='word_1_7' title='bbox 612 454 818 535; x_wconf 84' lang='lat' dir='ltr'><strong>denticulata,</strong></span> <span class='ocrx_word' id='word_1_8' title='bbox 853 456 938 521; x_wconf 84' lang='lat' dir='ltr'><strong>costa</strong></span> <span class='ocrx_word' id='word_1_9' title='bbox 960 453 1031 520; x_wconf 86' lang='lat' dir='ltr'><strong>laxa</strong></span> <span class='ocrx_word' id='word_1_10' title='bbox 1054 451 1166 536; x_wconf 86' lang='lat' dir='ltr'><strong>pelhde</strong></span> <span class='ocrx_word' id='word_1_11' title='bbox 1189 452 1280 520; x_wconf 84' lang='lat' dir='ltr'><strong>viridi</strong></span> <span class='ocrx_word' id='word_1_12' title='bbox 1302 451 1392 520; x_wconf 81' lang='lat' dir='ltr'><strong>basin</strong></span> 
     </span>
     <span class='ocr_line' id='line_1_3' title="bbox 78 556 1390 643; baseline -0.002 -19"><span class='ocrx_word' id='word_1_13' title='bbox 78 581 198 628; x_wconf 79' lang='lat' dir='ltr'><strong>versus</strong></span> <span class='ocrx_word' id='word_1_14' title='bbox 225 561 439 628; x_wconf 75' lang='lat' dir='ltr'><strong>evanescente</strong></span> <span class='ocrx_word' id='word_1_15' title='bbox 460 559 494 625; x_wconf 90' lang='lat' dir='ltr'><strong>in</strong></span> <span class='ocrx_word' id='word_1_16' title='bbox 509 558 628 642; x_wconf 80' lang='lat' dir='ltr'><strong>apicem</strong></span> <span class='ocrx_word' id='word_1_17' title='bbox 643 579 736 643; x_wconf 89' lang='lat' dir='ltr'><strong>usque</strong></span> <span class='ocrx_word' id='word_1_18' title='bbox 751 559 933 643; x_wconf 75' lang='lat' dir='ltr'><strong>procedente</strong></span> <span class='ocrx_word' id='word_1_19' title='bbox 947 559 1109 638; x_wconf 90' lang='lat' dir='ltr'><strong>instructa,</strong></span> <span class='ocrx_word' id='word_1_20' title='bbox 1132 556 1280 626; x_wconf 85' lang='lat' dir='ltr'><strong>earinata.</strong></span> <span class='ocrx_word' id='word_1_21' title='bbox 1310 556 1390 640; x_wconf 84' lang='lat' dir='ltr'><strong>(lep-</strong></span> 
     </span>
     <span class='ocr_line' id='line_1_4' title="bbox 83 661 1391 748; baseline -0.005 -16"><span class='ocrx_word' id='word_1_22' title='bbox 83 667 155 732; x_wconf 83' lang='lat' dir='ltr'><strong>snla</strong></span> <span class='ocrx_word' id='word_1_23' title='bbox 180 665 426 748; x_wconf 86' lang='lat' dir='ltr'><strong>snbsphaeriea,</strong></span> <span class='ocrx_word' id='word_1_24' title='bbox 449 665 586 731; x_wconf 84' lang='lat' dir='ltr'><strong>breviter</strong></span> <span class='ocrx_word' id='word_1_25' title='bbox 608 666 640 730; x_wconf 88' lang='lat' dir='ltr'><strong>et</strong></span> <span class='ocrx_word' id='word_1_26' title='bbox 663 663 770 730; x_wconf 90' lang='lat' dir='ltr'><strong>obtuse</strong></span> <span class='ocrx_word' id='word_1_27' title='bbox 793 663 987 742; x_wconf 86' lang='lat' dir='ltr'><strong>acuminata,</strong></span> <span class='ocrx_word' id='word_1_28' title='bbox 1010 661 1108 746; x_wconf 89' lang='lat' dir='ltr'><strong>sporis</strong></span> <span class='ocrx_word' id='word_1_29' title='bbox 1131 661 1391 729; x_wconf 77' lang='lat' dir='ltr'><strong>translucentibus</strong></span> 
     </span>
     <span class='ocr_line' id='line_1_5' title="bbox 84 767 1388 852; baseline -0.002 -17"><span class='ocrx_word' id='word_1_30' title='bbox 84 771 180 835; x_wconf 82' lang='lat' dir='ltr'><strong>badia</strong></span> <span class='ocrx_word' id='word_1_31' title='bbox 203 772 375 835; x_wconf 85' lang='lat' dir='ltr'><strong>caeterum</strong></span> <span class='ocrx_word' id='word_1_32' title='bbox 399 768 525 851; x_wconf 79' lang='lat' dir='ltr'><strong>pallida</strong></span> <span class='ocrx_word' id='word_1_33' title='bbox 569 768 718 852; x_wconf 82' lang='lat' dir='ltr'><strong>Galyptra</strong></span> <span class='ocrx_word' id='word_1_34' title='bbox 750 769 876 836; x_wconf 86' lang='lat' dir='ltr'><strong>tertiam</strong></span> <span class='ocrx_word' id='word_1_35' title='bbox 906 767 1048 851; x_wconf 82' lang='lat' dir='ltr'><strong>capsulae</strong></span> <span class='ocrx_word' id='word_1_36' title='bbox 1079 769 1201 852; x_wconf 88' lang='lat' dir='ltr'><strong>partem</strong></span> <span class='ocrx_word' id='word_1_37' title='bbox 1231 768 1388 852; x_wconf 81' lang='lat' dir='ltr'><strong>obtegens,</strong></span> 
     </span>
     <span class='ocr_line' id='line_1_6' title="bbox 91 871 1388 957; baseline -0.001 -18"><span class='ocrx_word' id='word_1_38' title='bbox 91 875 161 939; x_wconf 83' lang='lat' dir='ltr'><strong>basi</strong></span> <span class='ocrx_word' id='word_1_39' title='bbox 182 875 300 940; x_wconf 88' lang='lat' dir='ltr'><strong>incisa.</strong></span> <span class='ocrx_word' id='word_1_40' title='bbox 336 873 452 955; x_wconf 85' lang='lat' dir='ltr'><strong>Sporae</strong></span> <span class='ocrx_word' id='word_1_41' title='bbox 474 876 509 940; x_wconf 88' lang='lat' dir='ltr'><strong>ut</strong></span> <span class='ocrx_word' id='word_1_42' title='bbox 531 871 563 937; x_wconf 91' lang='lat' dir='ltr'><strong>in</strong></span> <span class='ocrx_word' id='word_1_43' title='bbox 579 873 618 938; x_wconf 82' lang='grc' dir='ltr'><strong>Ε.</strong></span> <span class='ocrx_word' id='word_1_44' title='bbox 641 881 774 953; x_wconf 81' lang='lat' dir='ltr'><strong>serrato,</strong></span> <span class='ocrx_word' id='word_1_45' title='bbox 797 873 984 957; x_wconf 88' lang='lat' dir='ltr'><strong>pallidiores.</strong></span> <span class='ocrx_word' id='word_1_46' title='bbox 1014 871 1119 956; x_wconf 79' lang='lat' dir='ltr'><strong>Bryol.</strong></span> <span class='ocrx_word' id='word_1_47' title='bbox 1136 889 1200 938; x_wconf 89' lang='lat' dir='ltr'><strong>eur.</strong></span> <span class='ocrx_word' id='word_1_48' title='bbox 1215 872 1241 950; x_wconf 87' lang='lat' dir='ltr'><strong>l,</strong></span> <span class='ocrx_word' id='word_1_49' title='bbox 1263 871 1340 940; x_wconf 79' lang='lat' dir='ltr'><strong>&#39;lab</strong></span> <span class='ocrx_word' id='word_1_50' title='bbox 1359 871 1388 938; x_wconf 88' lang='lat'><strong>1.</strong></span> 
     </span>
    </p>
   </div>
   <div class='ocr_carea' id='block_1_3' title="bbox 101 991 1389 1392">
    <p class='ocr_par' dir='ltr' id='par_1_3' title="bbox 101 991 1389 1392">
     <span class='ocr_line' id='line_1_7' title="bbox 101 991 1389 1079; baseline -0.001 -20"><span class='ocrx_word' id='word_1_51' title='bbox 101 994 263 1061; x_wconf 78' lang='lat' dir='ltr'><strong>Phaecam</strong></span> <span class='ocrx_word' id='word_1_52' title='bbox 286 995 460 1060; x_wconf 82' lang='lat' dir='ltr'><strong>cohaerens</strong></span> <span class='ocrx_word' id='word_1_53' title='bbox 482 995 643 1078; x_wconf 84' lang='lat' dir='ltr'><strong>exignum,</strong></span> <span class='ocrx_word' id='word_1_54' title='bbox 674 993 813 1060; x_wconf 88' lang='lat' dir='ltr'><strong>radicum</strong></span> <span class='ocrx_word' id='word_1_55' title='bbox 835 994 1110 1079; x_wconf 81' lang='lat' dir='ltr'><strong>cotyledonumque</strong></span> <span class='ocrx_word' id='word_1_56' title='bbox 1131 991 1285 1078; x_wconf 78' lang='lat' dir='ltr'><strong>farragine</strong></span> <span class='ocrx_word' id='word_1_57' title='bbox 1307 1011 1389 1059; x_wconf 91' lang='lat' dir='ltr'><strong>com-</strong></span> 
     </span>
     <span class='ocr_line' id='line_1_8' title="bbox 209 1095 1389 1184; baseline -0.003 -18"><span class='ocrx_word' id='word_1_58' title='bbox 209 1101 351 1182; x_wconf 82' lang='lat' dir='ltr'><strong>pleumu,</strong></span> <span class='ocrx_word' id='word_1_59' title='bbox 375 1097 457 1164; x_wconf 88' lang='lat' dir='ltr'><strong>foliis</strong></span> <span class='ocrx_word' id='word_1_60' title='bbox 479 1097 670 1177; x_wconf 86' lang='lat' dir='ltr'><strong>lanceolatis,</strong></span> <span class='ocrx_word' id='word_1_61' title='bbox 693 1098 866 1183; x_wconf 85' lang='lat' dir='ltr'><strong>sporangiis</strong></span> <span class='ocrx_word' id='word_1_62' title='bbox 889 1097 1026 1184; x_wconf 85' lang='lat' dir='ltr'><strong>globosis</strong></span> <span class='ocrx_word' id='word_1_63' title='bbox 1047 1097 1157 1163; x_wconf 84' lang='lat' dir='ltr'><strong>Hunw.</strong></span> <span class='ocrx_word' id='word_1_64' title='bbox 1181 1095 1268 1180; x_wconf 85' lang='lat' dir='ltr'><strong>Spec</strong></span> <span class='ocrx_word' id='word_1_65' title='bbox 1291 1095 1389 1162; x_wconf 86' lang='lat' dir='ltr'><strong>Mose.</strong></span> 
     </span>
     <span class='ocr_line' id='line_1_9' title="bbox 103 1202 1388 1392; baseline 0 -22"><span class='ocrx_word' id='word_1_66' title='bbox 103 1203 322 1392; x_wconf 47' lang='grc' dir='ltr'><strong>Ερὴιπῗνίῗι,</strong></span> <span class='ocrx_word' id='word_1_67' title='bbox 342 1202 517 1371; x_wconf 42' lang='lat' dir='ltr'><strong>giboleni·</strong></span> <span class='ocrx_word' id='word_1_68' title='bbox 532 1203 657 1373; x_wconf 52' lang='lat' dir='ltr'><strong>lilerim</strong></span> <span class='ocrx_word' id='word_1_69' title='bbox 689 1307 824 1373; x_wconf 78' lang='lat' dir='ltr'><strong>Moches</strong></span> <span class='ocrx_word' id='word_1_70' title='bbox 846 1307 920 1391; x_wconf 81' lang='lat' dir='ltr'><strong>Syn.</strong></span> <span class='ocrx_word' id='word_1_71' title='bbox 950 1306 1050 1372; x_wconf 85' lang='lat' dir='ltr'><strong>Baen.</strong></span> <span class='ocrx_word' id='word_1_72' title='bbox 1067 1307 1100 1371; x_wconf 88' lang='lat' dir='ltr'><strong>et</strong></span> <span class='ocrx_word' id='word_1_73' title='bbox 1114 1305 1187 1372; x_wconf 86' lang='lat' dir='ltr'><strong>Scn.</strong></span> <span class='ocrx_word' id='word_1_74' title='bbox 1204 1305 1309 1390; x_wconf 77' lang='lat' dir='ltr'><strong>Bryol.</strong></span> <span class='ocrx_word' id='word_1_75' title='bbox 1325 1323 1388 1371; x_wconf 90' lang='lat' dir='ltr'><strong>eur.</strong></span> 
     </span>
    </p>
   </div>
   <div class='ocr_carea' id='block_1_4' title="bbox 104 1425 1389 1824">
    <p class='ocr_par' dir='ltr' id='par_1_4' title="bbox 104 1425 1389 1824">
     <span class='ocr_line' id='line_1_10' title="bbox 104 1425 1388 1512; baseline 0.005 -24"><span class='ocrx_word' id='word_1_76' title='bbox 104 1425 176 1493; x_wconf 75' lang='lat' dir='ltr'><strong>lar.</strong></span> <span class='ocrx_word' id='word_1_77' title='bbox 200 1434 233 1506; x_wconf 77' lang='grc' dir='ltr'><strong>β.</strong></span> <span class='ocrx_word' id='word_1_78' title='bbox 258 1427 516 1512; x_wconf 77' lang='lat' dir='ltr'><strong>leteroplryllcm.</strong></span> <span class='ocrx_word' id='word_1_79' title='bbox 562 1427 648 1494; x_wconf 85' lang='lat' dir='ltr'><strong>Folia</strong></span> <span class='ocrx_word' id='word_1_80' title='bbox 675 1426 818 1494; x_wconf 83' lang='lat' dir='ltr'><strong>inferiora</strong></span> <span class='ocrx_word' id='word_1_81' title='bbox 847 1427 1021 1494; x_wconf 84' lang='lat' dir='ltr'><strong>lanceolata</strong></span> <span class='ocrx_word' id='word_1_82' title='bbox 1042 1428 1075 1493; x_wconf 89' lang='lat' dir='ltr'><strong>et</strong></span> <span class='ocrx_word' id='word_1_83' title='bbox 1096 1427 1388 1506; x_wconf 82' lang='lat' dir='ltr'><strong>oveto-lanceolata,</strong></span> 
     </span>
     <span class='ocr_line' id='line_1_11' title="bbox 211 1530 1389 1616; baseline 0 -20"><span class='ocrx_word' id='word_1_84' title='bbox 211 1549 339 1596; x_wconf 72' lang='lat' dir='ltr'><strong>wmma</strong></span> <span class='ocrx_word' id='word_1_85' title='bbox 376 1530 645 1616; x_wconf 82' lang='lat' dir='ltr'><strong>lineali-elongata</strong></span> <span class='ocrx_word' id='word_1_86' title='bbox 677 1532 807 1614; x_wconf 86' lang='lat' dir='ltr'><strong>abrupte</strong></span> <span class='ocrx_word' id='word_1_87' title='bbox 836 1531 1214 1609; x_wconf 83' lang='lat' dir='ltr'><strong>lanceolata-acuminata,</strong></span> <span class='ocrx_word' id='word_1_88' title='bbox 1251 1530 1389 1596; x_wconf 86' lang='lat' dir='ltr'><strong>acumina</strong></span> 
     </span>
     <span class='ocr_line' id='line_1_12' title="bbox 211 1633 1388 1720; baseline -0.003 -19"><span class='ocrx_word' id='word_1_89' title='bbox 211 1653 361 1714; x_wconf 85' lang='lat' dir='ltr'><strong>recurro,</strong></span> <span class='ocrx_word' id='word_1_90' title='bbox 395 1634 537 1702; x_wconf 87' lang='lat' dir='ltr'><strong>siccitate</strong></span> <span class='ocrx_word' id='word_1_91' title='bbox 560 1636 903 1720; x_wconf 82' lang='lat' dir='ltr'><strong>conniventi-crispulo,</strong></span> <span class='ocrx_word' id='word_1_92' title='bbox 934 1634 1053 1702; x_wconf 87' lang='lat' dir='ltr'><strong>cellulis</strong></span> <span class='ocrx_word' id='word_1_93' title='bbox 1076 1633 1245 1717; x_wconf 87' lang='lat' dir='ltr'><strong>apiealihus</strong></span> <span class='ocrx_word' id='word_1_94' title='bbox 1268 1634 1388 1700; x_wconf 89' lang='lat' dir='ltr'><strong>chloro·</strong></span> 
     </span>
     <span class='ocr_line' id='line_1_13' title="bbox 212 1737 381 1824; baseline 0 -20"><span class='ocrx_word' id='word_1_95' title='bbox 212 1737 381 1824; x_wconf 78' lang='lat' dir='ltr'><strong>phyllosis.</strong></span> 
     </span>
    </p>
   </div>
   <div class='ocr_carea' id='block_1_5' title="bbox 95 1859 1392 2362">
    <p class='ocr_par' dir='ltr' id='par_1_5' title="bbox 95 1859 1392 2362">
     <span class='ocr_line' id='line_1_14' title="bbox 107 1859 1284 1948; baseline -0.002 -21"><span class='ocrx_word' id='word_1_96' title='bbox 107 1861 270 1927; x_wconf 79' lang='lat' dir='ltr'><strong>Phaecam</strong></span> <span class='ocrx_word' id='word_1_97' title='bbox 292 1861 540 1948; x_wconf 54' lang='lat' dir='ltr'><strong>weomadum</strong></span> <span class='ocrx_word' id='word_1_98' title='bbox 562 1862 611 1927; x_wconf 86' lang='lat' dir='ltr'><strong>De</strong></span> <span class='ocrx_word' id='word_1_99' title='bbox 633 1861 773 1928; x_wconf 82' lang='lat' dir='ltr'><strong>Norrurs</strong></span> <span class='ocrx_word' id='word_1_100' title='bbox 796 1861 913 1946; x_wconf 82' lang='lat' dir='ltr'><strong>Syllab.</strong></span> <span class='ocrx_word' id='word_1_101' title='bbox 936 1862 969 1928; x_wconf 87' lang='lat' dir='ltr'><strong>ct</strong></span> <span class='ocrx_word' id='word_1_102' title='bbox 991 1859 1072 1944; x_wconf 78' lang='lat' dir='ltr'><strong>lipil.</strong></span> <span class='ocrx_word' id='word_1_103' title='bbox 1096 1859 1193 1928; x_wconf 91' lang='lat' dir='ltr'><strong>Briol.</strong></span> <span class='ocrx_word' id='word_1_104' title='bbox 1216 1861 1284 1926; x_wconf 89' lang='lat' dir='ltr'><strong>ital.</strong></span> 
     </span>
     <span class='ocr_line' id='line_1_15' title="bbox 193 1963 1392 2051; baseline -0.001 -20"><span class='ocrx_word' id='word_1_105' title='bbox 193 1965 310 2031; x_wconf 77' lang='lat' dir='ltr'><strong>Haolr.</strong></span> <span class='ocrx_word' id='word_1_106' title='bbox 334 1965 365 2030; x_wconf 95' lang='lat' dir='ltr'><strong>in</strong></span> <span class='ocrx_word' id='word_1_107' title='bbox 389 1967 472 2032; x_wconf 87' lang='lat' dir='ltr'><strong>terra</strong></span> <span class='ocrx_word' id='word_1_108' title='bbox 494 1965 806 2051; x_wconf 81' lang='lat' dir='ltr'><strong>araneoso-argillosa</strong></span> <span class='ocrx_word' id='word_1_109' title='bbox 828 1964 1053 2032; x_wconf 89' lang='lat' dir='ltr'><strong>humidiuseula</strong></span> <span class='ocrx_word' id='word_1_110' title='bbox 1074 1963 1156 2031; x_wconf 89' lang='lat' dir='ltr'><strong>inter</strong></span> <span class='ocrx_word' id='word_1_111' title='bbox 1177 1963 1330 2050; x_wconf 82' lang='lat' dir='ltr'><strong>gramina,</strong></span> <span class='ocrx_word' id='word_1_112' title='bbox 1354 1963 1392 2030; x_wconf 92' lang='lat' dir='ltr'><strong>ad</strong></span> 
     </span>
     <span class='ocr_line' id='line_1_16' title="bbox 100 2066 1391 2154; baseline -0.002 -19"><span class='ocrx_word' id='word_1_113' title='bbox 100 2071 263 2153; x_wconf 83' lang='lat' dir='ltr'><strong>talparum</strong></span> <span class='ocrx_word' id='word_1_114' title='bbox 286 2071 424 2136; x_wconf 85' lang='lat' dir='ltr'><strong>tumulos</strong></span> <span class='ocrx_word' id='word_1_115' title='bbox 447 2070 478 2134; x_wconf 93' lang='lat' dir='ltr'><strong>iu</strong></span> <span class='ocrx_word' id='word_1_116' title='bbox 494 2069 595 2136; x_wconf 87' lang='lat' dir='ltr'><strong>Rheni</strong></span> <span class='ocrx_word' id='word_1_117' title='bbox 617 2069 716 2137; x_wconf 88' lang='lat' dir='ltr'><strong>insula</strong></span> <span class='ocrx_word' id='word_1_118' title='bbox 738 2089 831 2154; x_wconf 85' lang='lat' dir='ltr'><strong>propo</strong></span> <span class='ocrx_word' id='word_1_119' title='bbox 845 2069 1091 2154; x_wconf 82' lang='lat' dir='ltr'><strong>Argentoratum</strong></span> <span class='ocrx_word' id='word_1_120' title='bbox 1113 2070 1146 2134; x_wconf 91' lang='lat' dir='ltr'><strong>et</strong></span> <span class='ocrx_word' id='word_1_121' title='bbox 1160 2068 1300 2152; x_wconf 88' lang='lat' dir='ltr'><strong>pluribus</strong></span> <span class='ocrx_word' id='word_1_122' title='bbox 1316 2066 1391 2134; x_wconf 90' lang='lat' dir='ltr'><strong>locis</strong></span> 
     </span>
     <span class='ocr_line' id='line_1_17' title="bbox 99 2169 1392 2260; baseline -0.001 -22"><span class='ocrx_word' id='word_1_123' title='bbox 99 2175 243 2260; x_wconf 81' lang='lat' dir='ltr'><strong>regionis</strong></span> <span class='ocrx_word' id='word_1_124' title='bbox 265 2173 440 2252; x_wconf 84' lang='lat' dir='ltr'><strong>rhenanae,</strong></span> <span class='ocrx_word' id='word_1_125' title='bbox 472 2175 504 2240; x_wconf 92' lang='lat' dir='ltr'><strong>in</strong></span> <span class='ocrx_word' id='word_1_126' title='bbox 528 2173 641 2240; x_wconf 87' lang='lat' dir='ltr'><strong>Silesia</strong></span> <span class='ocrx_word' id='word_1_127' title='bbox 670 2193 761 2258; x_wconf 90' lang='lat' dir='ltr'><strong>prope</strong></span> <span class='ocrx_word' id='word_1_128' title='bbox 785 2175 919 2240; x_wconf 73' lang='lat' dir='ltr'><strong>Breslw</strong></span> <span class='ocrx_word' id='word_1_129' title='bbox 951 2173 1097 2260; x_wconf 72' lang='lat' dir='ltr'><strong>(Mune),</strong></span> <span class='ocrx_word' id='word_1_130' title='bbox 1130 2191 1195 2239; x_wconf 88' lang='lat' dir='ltr'><strong>var.</strong></span> <span class='ocrx_word' id='word_1_131' title='bbox 1218 2178 1239 2252; x_wconf 80' lang='grc' dir='ltr'><em>β</em></span> <span class='ocrx_word' id='word_1_132' title='bbox 1261 2169 1294 2236; x_wconf 92' lang='lat' dir='ltr'><strong>in</strong></span> <span class='ocrx_word' id='word_1_133' title='bbox 1316 2189 1392 2257; x_wconf 90' lang='lat' dir='ltr'><strong>agro</strong></span> 
     </span>
     <span class='ocr_line' id='line_1_18' title="bbox 95 2276 1195 2362; baseline -0.005 -16"><span class='ocrx_word' id='word_1_134' title='bbox 95 2278 279 2346; x_wconf 87' lang='lat' dir='ltr'><strong>taurinensi</strong></span> <span class='ocrx_word' id='word_1_135' title='bbox 301 2279 342 2344; x_wconf 87' lang='lat' dir='ltr'><strong>ad</strong></span> <span class='ocrx_word' id='word_1_136' title='bbox 364 2278 480 2345; x_wconf 90' lang='lat' dir='ltr'><strong>radices</strong></span> <span class='ocrx_word' id='word_1_137' title='bbox 503 2279 618 2344; x_wconf 87' lang='lat' dir='ltr'><strong>montis</strong></span> <span class='ocrx_word' id='word_1_138' title='bbox 639 2279 770 2362; x_wconf 80' lang='lat' dir='ltr'><strong>Musine,</strong></span> <span class='ocrx_word' id='word_1_139' title='bbox 792 2279 869 2346; x_wconf 89' lang='lat' dir='ltr'><strong>locis</strong></span> <span class='ocrx_word' id='word_1_140' title='bbox 892 2276 1029 2345; x_wconf 87' lang='lat' dir='ltr'><strong>herbosis</strong></span> <span class='ocrx_word' id='word_1_141' title='bbox 1052 2276 1195 2348; x_wconf 84' lang='lat' dir='ltr'><strong>humidis.</strong></span> 
     </span>
    </p>
   </div>
   <div class='ocr_carea' id='block_1_6' title="bbox 198 2399 635 2468">
    <p class='ocr_par' dir='ltr' id='par_1_6' title="bbox 198 2399 635 2468">
     <span class='ocr_line' id='line_1_19' title="bbox 198 2399 635 2468; baseline 0.007 -3"><span class='ocrx_word' id='word_1_142' title='bbox 198 2399 315 2465; x_wconf 64' lang='lat' dir='ltr'><strong>Fruar.</strong></span> <span class='ocrx_word' id='word_1_143' title='bbox 337 2405 453 2466; x_wconf 78' lang='lat' dir='ltr'><strong>luetur.</strong></span> <span class='ocrx_word' id='word_1_144' title='bbox 498 2399 635 2468; x_wconf 85' lang='lat' dir='ltr'><strong>Octobri.</strong></span> 
     </span>
    </p>
   </div>
   <div class='ocr_carea' id='block_1_7' title="bbox 102 2510 1393 3111">
    <p class='ocr_par' dir='ltr' id='par_1_7' title="bbox 102 2510 1393 3111">
     <span class='ocr_line' id='line_1_20' title="bbox 194 2510 1391 2590; baseline -0.001 -20"><span class='ocrx_word' id='word_1_145' title='bbox 194 2510 395 2570; x_wconf 85' lang='lat' dir='ltr'><strong>Prothallium</strong></span> <span class='ocrx_word' id='word_1_146' title='bbox 418 2511 512 2571; x_wconf 85' lang='lat' dir='ltr'><strong>miuus</strong></span> <span class='ocrx_word' id='word_1_147' title='bbox 535 2513 667 2573; x_wconf 86' lang='lat' dir='ltr'><strong>saturata</strong></span> <span class='ocrx_word' id='word_1_148' title='bbox 690 2514 782 2574; x_wconf 85' lang='lat' dir='ltr'><strong>viride</strong></span> <span class='ocrx_word' id='word_1_149' title='bbox 805 2532 893 2590; x_wconf 89' lang='lat' dir='ltr'><strong>quam</strong></span> <span class='ocrx_word' id='word_1_150' title='bbox 907 2516 939 2574; x_wconf 90' lang='lat' dir='ltr'><strong>in</strong></span> <span class='ocrx_word' id='word_1_151' title='bbox 955 2515 996 2574; x_wconf 84' lang='grc' dir='ltr'><strong>Ε.</strong></span> <span class='ocrx_word' id='word_1_152' title='bbox 1010 2516 1138 2586; x_wconf 75' lang='lat' dir='ltr'><strong>umato,</strong></span> <span class='ocrx_word' id='word_1_153' title='bbox 1161 2512 1280 2590; x_wconf 87' lang='lat' dir='ltr'><strong>plantae</strong></span> <span class='ocrx_word' id='word_1_154' title='bbox 1304 2510 1391 2570; x_wconf 87' lang='lat' dir='ltr'><strong>denae</strong></span> 
     </span>
     <span class='ocr_line' id='line_1_21' title="bbox 102 2597 1392 2674; baseline -0.001 -16"><span class='ocrx_word' id='word_1_155' title='bbox 102 2599 257 2658; x_wconf 75' lang='lat' dir='ltr'><strong>consertae</strong></span> <span class='ocrx_word' id='word_1_156' title='bbox 281 2598 328 2656; x_wconf 86' lang='lat' dir='ltr'><strong>rel</strong></span> <span class='ocrx_word' id='word_1_157' title='bbox 343 2615 471 2672; x_wconf 88' lang='lat' dir='ltr'><strong>sparsae,</strong></span> <span class='ocrx_word' id='word_1_158' title='bbox 494 2601 592 2660; x_wconf 88' lang='lat' dir='ltr'><strong>aetate</strong></span> <span class='ocrx_word' id='word_1_159' title='bbox 615 2600 661 2660; x_wconf 83' lang='lat' dir='ltr'><strong>rol</strong></span> <span class='ocrx_word' id='word_1_160' title='bbox 684 2601 713 2660; x_wconf 89' lang='lat' dir='ltr'><strong>in</strong></span> <span class='ocrx_word' id='word_1_161' title='bbox 736 2601 872 2662; x_wconf 88' lang='lat' dir='ltr'><strong>herbario</strong></span> <span class='ocrx_word' id='word_1_162' title='bbox 897 2603 1066 2663; x_wconf 80' lang='lat' dir='ltr'><strong>asservatae</strong></span> <span class='ocrx_word' id='word_1_163' title='bbox 1088 2617 1213 2660; x_wconf 89' lang='lat' dir='ltr'><strong>unacum</strong></span> <span class='ocrx_word' id='word_1_164' title='bbox 1234 2597 1392 2674; x_wconf 89' lang='lat' dir='ltr'><strong>prothallio</strong></span> 
     </span>
     <span class='ocr_line' id='line_1_22' title="bbox 104 2684 1392 2764; baseline -0.002 -18"><span class='ocrx_word' id='word_1_165' title='bbox 104 2687 216 2760; x_wconf 84' lang='lat' dir='ltr'><strong>pallide</strong></span> <span class='ocrx_word' id='word_1_166' title='bbox 242 2686 392 2744; x_wconf 87' lang='lat' dir='ltr'><strong>rubentes.</strong></span> <span class='ocrx_word' id='word_1_167' title='bbox 422 2685 504 2745; x_wconf 85' lang='lat' dir='ltr'><strong>Folia</strong></span> <span class='ocrx_word' id='word_1_168' title='bbox 526 2685 585 2745; x_wconf 91' lang='lat' dir='ltr'><strong>illis</strong></span> <span class='ocrx_word' id='word_1_169' title='bbox 608 2687 649 2746; x_wconf 83' lang='grc' dir='ltr'><strong>Ε.</strong></span> <span class='ocrx_word' id='word_1_170' title='bbox 671 2691 781 2749; x_wconf 74' lang='lat' dir='ltr'><strong>serrati</strong></span> <span class='ocrx_word' id='word_1_171' title='bbox 801 2690 908 2749; x_wconf 83' lang='lat' dir='ltr'><strong>latiora</strong></span> <span class='ocrx_word' id='word_1_172' title='bbox 931 2688 992 2748; x_wconf 88' lang='lat' dir='ltr'><strong>solo</strong></span> <span class='ocrx_word' id='word_1_173' title='bbox 1015 2689 1098 2763; x_wconf 91' lang='lat' dir='ltr'><strong>apice</strong></span> <span class='ocrx_word' id='word_1_174' title='bbox 1121 2689 1226 2764; x_wconf 83' lang='lat' dir='ltr'><strong>argute</strong></span> <span class='ocrx_word' id='word_1_175' title='bbox 1249 2684 1326 2745; x_wconf 83' lang='lat' dir='ltr'><strong>inira</strong></span> <span class='ocrx_word' id='word_1_176' title='bbox 1341 2686 1392 2746; x_wconf 92' lang='lat' dir='ltr'><strong>ob·</strong></span> 
     </span>
     <span class='ocr_line' id='line_1_23' title="bbox 105 2771 1393 2850; baseline 0 -18"><span class='ocrx_word' id='word_1_177' title='bbox 105 2773 197 2832; x_wconf 83' lang='lat' dir='ltr'><strong>solete</strong></span> <span class='ocrx_word' id='word_1_178' title='bbox 232 2772 435 2844; x_wconf 87' lang='lat' dir='ltr'><strong>denticulata,</strong></span> <span class='ocrx_word' id='word_1_179' title='bbox 461 2773 599 2833; x_wconf 90' lang='lat' dir='ltr'><strong>distincte</strong></span> <span class='ocrx_word' id='word_1_180' title='bbox 623 2771 765 2834; x_wconf 81' lang='lat' dir='ltr'><strong>carinata¹</strong></span> <span class='ocrx_word' id='word_1_181' title='bbox 778 2779 808 2835; x_wconf 88' lang='lat' dir='ltr'><strong>et</strong></span> <span class='ocrx_word' id='word_1_182' title='bbox 830 2777 960 2847; x_wconf 87' lang='lat' dir='ltr'><strong>costata,</strong></span> <span class='ocrx_word' id='word_1_183' title='bbox 991 2775 1107 2836; x_wconf 89' lang='lat' dir='ltr'><strong>omnino</strong></span> <span class='ocrx_word' id='word_1_184' title='bbox 1129 2775 1258 2850; x_wconf 84' lang='lat' dir='ltr'><strong>hyalina,</strong></span> <span class='ocrx_word' id='word_1_185' title='bbox 1281 2771 1393 2832; x_wconf 88' lang='lat' dir='ltr'><strong>cellulis</strong></span> 
     </span>
     <span class='ocr_line' id='line_1_24' title="bbox 105 2859 1392 2938; baseline 0 -20"><span class='ocrx_word' id='word_1_186' title='bbox 105 2860 298 2920; x_wconf 76' lang='lat' dir='ltr'><strong>interioribus</strong></span> <span class='ocrx_word' id='word_1_187' title='bbox 320 2859 669 2936; x_wconf 81' lang='lat' dir='ltr'><strong>hexagono-reetangulis</strong></span> <span class='ocrx_word' id='word_1_188' title='bbox 691 2863 890 2937; x_wconf 85' lang='lat' dir='ltr'><strong>superioribus</strong></span> <span class='ocrx_word' id='word_1_189' title='bbox 907 2861 1278 2938; x_wconf 85' lang='lat' dir='ltr'><strong>hexagono-rhomboideis.</strong></span> <span class='ocrx_word' id='word_1_190' title='bbox 1313 2860 1392 2934; x_wconf 81' lang='lat' dir='ltr'><strong>cap-</strong></span> 
     </span>
     <span class='ocr_line' id='line_1_25' title="bbox 107 2947 1391 3024; baseline 0.001 -20"><span class='ocrx_word' id='word_1_191' title='bbox 107 2947 169 3006; x_wconf 78' lang='lat' dir='ltr'><strong>sula</strong></span> <span class='ocrx_word' id='word_1_192' title='bbox 203 2947 337 3022; x_wconf 89' lang='lat' dir='ltr'><strong>ejusdem</strong></span> <span class='ocrx_word' id='word_1_193' title='bbox 370 2947 582 3022; x_wconf 83' lang='lat' dir='ltr'><strong>magnitudinis</strong></span> <span class='ocrx_word' id='word_1_194' title='bbox 612 2965 700 3023; x_wconf 88' lang='lat' dir='ltr'><strong>quam</strong></span> <span class='ocrx_word' id='word_1_195' title='bbox 723 2951 765 3010; x_wconf 84' lang='grc' dir='ltr'><strong>Ε.</strong></span> <span class='ocrx_word' id='word_1_196' title='bbox 787 2953 897 3011; x_wconf 73' lang='lat' dir='ltr'><strong>small</strong></span> <span class='ocrx_word' id='word_1_197' title='bbox 925 2950 975 3010; x_wconf 86' lang='lat' dir='ltr'><strong>sed</strong></span> <span class='ocrx_word' id='word_1_198' title='bbox 998 2952 1035 3010; x_wconf 91' lang='lat' dir='ltr'><strong>cb</strong></span> <span class='ocrx_word' id='word_1_199' title='bbox 1062 2950 1186 3011; x_wconf 88' lang='lat' dir='ltr'><strong>colorem</strong></span> <span class='ocrx_word' id='word_1_200' title='bbox 1210 2947 1391 3024; x_wconf 87' lang='lat' dir='ltr'><strong>pallidiorem</strong></span> 
     </span>
     <span class='ocr_line' id='line_1_26' title="bbox 109 3033 881 3111; baseline 0.003 -17"><span class='ocrx_word' id='word_1_201' title='bbox 109 3035 202 3094; x_wconf 79' lang='lat' dir='ltr'><strong>minna</strong></span> <span class='ocrx_word' id='word_1_202' title='bbox 218 3033 391 3108; x_wconf 87' lang='lat' dir='ltr'><strong>conspicua,</strong></span> <span class='ocrx_word' id='word_1_203' title='bbox 414 3034 554 3109; x_wconf 88' lang='lat' dir='ltr'><strong>pedicello</strong></span> <span class='ocrx_word' id='word_1_204' title='bbox 578 3034 717 3111; x_wconf 88' lang='lat' dir='ltr'><strong>raginula</strong></span> <span class='ocrx_word' id='word_1_205' title='bbox 740 3037 881 3098; x_wconf 83' lang='lat' dir='ltr'><strong>breviore.</strong></span> 
     </span>
    </p>
   </div>
   <div class='ocr_carea' id='block_1_8' title="bbox 108 3138 1391 3375">
    <p class='ocr_par' dir='ltr' id='par_1_8' title="bbox 108 3138 1391 3375">
     <span class='ocr_line' id='line_1_27' title="bbox 191 3138 1391 3218; baseline -0.003 -18"><span class='ocrx_word' id='word_1_206' title='bbox 191 3142 253 3200; x_wconf 82' lang='lat' dir='ltr'><strong>Pb.</strong></span> <span class='ocrx_word' id='word_1_207' title='bbox 277 3140 507 3214; x_wconf 69' lang='lat' dir='ltr'><strong>leeoplpllam</strong></span> <span class='ocrx_word' id='word_1_208' title='bbox 529 3158 592 3201; x_wconf 87' lang='lat' dir='ltr'><strong>sese</strong></span> <span class='ocrx_word' id='word_1_209' title='bbox 615 3141 773 3218; x_wconf 87' lang='lat' dir='ltr'><strong>distinguit</strong></span> <span class='ocrx_word' id='word_1_210' title='bbox 788 3140 867 3201; x_wconf 84' lang='lat' dir='ltr'><strong>foliis</strong></span> <span class='ocrx_word' id='word_1_211' title='bbox 883 3141 1192 3218; x_wconf 84' lang='lat' dir='ltr'><strong>elongato-linealihus</strong></span> <span class='ocrx_word' id='word_1_212' title='bbox 1208 3138 1306 3200; x_wconf 88' lang='lat' dir='ltr'><strong>subito</strong></span> <span class='ocrx_word' id='word_1_213' title='bbox 1322 3155 1391 3197; x_wconf 86' lang='lat' dir='ltr'><strong>acu·</strong></span> 
     </span>
     <span class='ocr_line' id='line_1_28' title="bbox 109 3227 1391 3306; baseline -0.002 -20"><span class='ocrx_word' id='word_1_214' title='bbox 109 3227 237 3298; x_wconf 73' lang='lat' dir='ltr'><strong>minatis,</strong></span> <span class='ocrx_word' id='word_1_215' title='bbox 260 3227 347 3302; x_wconf 86' lang='lat' dir='ltr'><strong>apice</strong></span> <span class='ocrx_word' id='word_1_216' title='bbox 370 3244 385 3286; x_wconf 91' lang='lat' dir='ltr'><strong>e</strong></span> <span class='ocrx_word' id='word_1_217' title='bbox 407 3227 519 3286; x_wconf 86' lang='lat' dir='ltr'><strong>cellulis</strong></span> <span class='ocrx_word' id='word_1_218' title='bbox 541 3227 628 3302; x_wconf 86' lang='lat' dir='ltr'><strong>paulo</strong></span> <span class='ocrx_word' id='word_1_219' title='bbox 651 3229 812 3288; x_wconf 77' lang='lat' dir='ltr'><strong>uulneribus</strong></span> <span class='ocrx_word' id='word_1_220' title='bbox 828 3229 1071 3306; x_wconf 83' lang='lat' dir='ltr'><strong>chlorophyllosis</strong></span> <span class='ocrx_word' id='word_1_221' title='bbox 1087 3227 1270 3304; x_wconf 89' lang='lat' dir='ltr'><strong>compositis;</strong></span> <span class='ocrx_word' id='word_1_222' title='bbox 1294 3227 1391 3286; x_wconf 88' lang='lat' dir='ltr'><strong>caete-</strong></span> 
     </span>
     <span class='ocr_line' id='line_1_29' title="bbox 108 3313 440 3375; baseline -0.006 -1"><span class='ocrx_word' id='word_1_223' title='bbox 108 3333 167 3374; x_wconf 88' lang='lat' dir='ltr'><strong>mm</strong></span> <span class='ocrx_word' id='word_1_224' title='bbox 191 3315 315 3375; x_wconf 91' lang='lat' dir='ltr'><strong>omnino</strong></span> <span class='ocrx_word' id='word_1_225' title='bbox 338 3313 440 3373; x_wconf 89' lang='lat' dir='ltr'><strong>simile.</strong></span> 
     </span>
    </p>
   </div>
   <div class='ocr_carea' id='block_1_9' title="bbox 192 3417 1476 3495">
    <p class='ocr_par' dir='ltr' id='par_1_9' title="bbox 192 3417 1476 3495">
     <span class='ocr_line' id='line_1_30' title="bbox 192 3417 1476 3495; baseline -0.003 -15"><span class='ocrx_word' id='word_1_226' title='bbox 192 3417 254 3480; x_wconf 76' lang='lat' dir='ltr'><strong>Po.</strong></span> <span class='ocrx_word' id='word_1_227' title='bbox 270 3417 490 3478; x_wconf 65' lang='lat' dir='ltr'><strong>mosomum</strong></span> <span class='ocrx_word' id='word_1_228' title='bbox 510 3419 591 3477; x_wconf 66' lang='lat' dir='ltr'><strong>llusr</strong></span> <span class='ocrx_word' id='word_1_229' title='bbox 614 3419 688 3479; x_wconf 85' lang='lat' dir='ltr'><strong>ialse</strong></span> <span class='ocrx_word' id='word_1_230' title='bbox 711 3419 779 3480; x_wconf 92' lang='lat' dir='ltr'><strong>olim</strong></span> <span class='ocrx_word' id='word_1_231' title='bbox 802 3437 820 3478; x_wconf 91' lang='lat' dir='ltr'><strong>a</strong></span> <span class='ocrx_word' id='word_1_232' title='bbox 842 3420 927 3480; x_wconf 88' lang='lat' dir='ltr'><strong>nohis</strong></span> <span class='ocrx_word' id='word_1_233' title='bbox 950 3420 988 3480; x_wconf 89' lang='lat' dir='ltr'><strong>ad</strong></span> <span class='ocrx_word' id='word_1_234' title='bbox 1011 3419 1088 3480; x_wconf 88' lang='lat' dir='ltr'><strong>hanc</strong></span> <span class='ocrx_word' id='word_1_235' title='bbox 1110 3419 1236 3495; x_wconf 84' lang='lat' dir='ltr'><strong>speciem</strong></span> <span class='ocrx_word' id='word_1_236' title='bbox 1257 3417 1391 3478; x_wconf 86' lang='lat' dir='ltr'><strong>relatum.</strong></span> <span class='ocrx_word' id='word_1_237' title='bbox 1471 3453 1476 3461; x_wconf 88' lang='lat'>·</span> 
     </span>
    </p>
   </div>
   <div class='ocr_carea' id='block_1_10' title="bbox 108 3505 688 3583">
    <p class='ocr_par' dir='ltr' id='par_1_10' title="bbox 108 3505 688 3583">
     <span class='ocr_line' id='line_1_31' title="bbox 108 3505 688 3583; baseline -0.003 -17"><span class='ocrx_word' id='word_1_238' title='bbox 108 3505 336 3583; x_wconf 69' lang='lat' dir='ltr'><strong>Eplmmum</strong></span> <span class='ocrx_word' id='word_1_239' title='bbox 359 3505 469 3580; x_wconf 80' lang='lat' dir='ltr'><strong>species</strong></span> <span class='ocrx_word' id='word_1_240' title='bbox 492 3505 611 3580; x_wconf 88' lang='lat' dir='ltr'><strong>propria</strong></span> <span class='ocrx_word' id='word_1_241' title='bbox 634 3510 688 3566; x_wconf 87' lang='lat' dir='ltr'><strong>est.</strong></span> 
     </span>
    </p>
   </div>
   <div class='ocr_carea' id='block_1_11' title="bbox 107 3609 1391 4748">
    <p class='ocr_par' dir='ltr' id='par_1_11' title="bbox 108 3609 1391 3770">
     <span class='ocr_line' id='line_1_32' title="bbox 192 3609 1391 3688; baseline -0.002 -17"><span class='ocrx_word' id='word_1_242' title='bbox 192 3611 252 3671; x_wconf 75' lang='lat' dir='ltr'><strong>Pla</strong></span> <span class='ocrx_word' id='word_1_243' title='bbox 263 3609 474 3680; x_wconf 74' lang='lat' dir='ltr'><strong>Lateresianum,</strong></span> <span class='ocrx_word' id='word_1_244' title='bbox 490 3612 568 3686; x_wconf 90' lang='lat' dir='ltr'><strong>qnod</strong></span> <span class='ocrx_word' id='word_1_245' title='bbox 584 3611 714 3688; x_wconf 87' lang='lat' dir='ltr'><strong>equidem</strong></span> <span class='ocrx_word' id='word_1_246' title='bbox 732 3611 779 3672; x_wconf 95' lang='lat' dir='ltr'><strong>hie</strong></span> <span class='ocrx_word' id='word_1_247' title='bbox 790 3612 952 3684; x_wconf 82' lang='lat' dir='ltr'><strong>attulimus,</strong></span> <span class='ocrx_word' id='word_1_248' title='bbox 967 3611 1061 3672; x_wconf 82' lang='lat' dir='ltr'><strong>forma</strong></span> <span class='ocrx_word' id='word_1_249' title='bbox 1077 3611 1246 3672; x_wconf 89' lang='lat' dir='ltr'><strong>suhacaulis</strong></span> <span class='ocrx_word' id='word_1_250' title='bbox 1262 3610 1391 3686; x_wconf 74' lang='lat' dir='ltr'><strong>Physco-</strong></span> 
     </span>
     <span class='ocr_line' id='line_1_33' title="bbox 108 3696 481 3770; baseline -0.003 -13"><span class='ocrx_word' id='word_1_251' title='bbox 108 3696 254 3758; x_wconf 79' lang='lat' dir='ltr'><strong>srr&#39;trellae</strong></span> <span class='ocrx_word' id='word_1_252' title='bbox 272 3699 404 3770; x_wconf 74' lang='lat' dir='ltr'><strong>parente</strong></span> <span class='ocrx_word' id='word_1_253' title='bbox 425 3699 481 3756; x_wconf 86' lang='lat' dir='ltr'><strong>est.</strong></span> 
     </span>
    </p>

    <p class='ocr_par' dir='ltr' id='par_1_12' title="bbox 109 3801 1391 4224">
     <span class='ocr_line' id='line_1_34' title="bbox 194 3801 1390 3876; baseline -0.003 -15"><span class='ocrx_word' id='word_1_254' title='bbox 194 3802 280 3876; x_wconf 78' lang='lat' dir='ltr'><strong>Eph.</strong></span> <span class='ocrx_word' id='word_1_255' title='bbox 299 3801 446 3874; x_wconf 75' lang='lat' dir='ltr'><strong>pallidum</strong></span> <span class='ocrx_word' id='word_1_256' title='bbox 470 3801 559 3872; x_wconf 93' lang='lat' dir='ltr'><strong>mihi,</strong></span> <span class='ocrx_word' id='word_1_257' title='bbox 591 3819 610 3860; x_wconf 92' lang='lat' dir='ltr'><strong>a</strong></span> <span class='ocrx_word' id='word_1_258' title='bbox 632 3801 700 3862; x_wconf 91' lang='lat' dir='ltr'><strong>clar.</strong></span> <span class='ocrx_word' id='word_1_259' title='bbox 724 3804 888 3862; x_wconf 80' lang='lat' dir='ltr'><strong>Snunrrrrrr</strong></span> <span class='ocrx_word' id='word_1_260' title='bbox 911 3819 988 3862; x_wconf 88' lang='lat' dir='ltr'><strong>anuo</strong></span> <span class='ocrx_word' id='word_1_261' title='bbox 1014 3802 1097 3861; x_wconf 79' lang='lat'>1842</span> <span class='ocrx_word' id='word_1_262' title='bbox 1121 3803 1175 3862; x_wconf 91' lang='lat' dir='ltr'><strong>sub</strong></span> <span class='ocrx_word' id='word_1_263' title='bbox 1198 3801 1313 3862; x_wconf 87' lang='lat' dir='ltr'><strong>nomine</strong></span> <span class='ocrx_word' id='word_1_264' title='bbox 1337 3801 1390 3859; x_wconf 91' lang='lat' dir='ltr'><strong>Ph.</strong></span> 
     </span>
     <span class='ocr_line' id='line_1_35' title="bbox 110 3887 1391 3965; baseline 0 -19"><span class='ocrx_word' id='word_1_265' title='bbox 110 3887 296 3948; x_wconf 77' lang='lat' dir='ltr'><strong>transiuerrii</strong></span> <span class='ocrx_word' id='word_1_266' title='bbox 319 3887 356 3946; x_wconf 89' lang='lat' dir='ltr'><strong>ad</strong></span> <span class='ocrx_word' id='word_1_267' title='bbox 379 3906 423 3946; x_wconf 90' lang='lat' dir='ltr'><strong>me</strong></span> <span class='ocrx_word' id='word_1_268' title='bbox 447 3888 583 3960; x_wconf 90' lang='lat' dir='ltr'><strong>missum,</strong></span> <span class='ocrx_word' id='word_1_269' title='bbox 616 3889 727 3964; x_wconf 86' lang='lat' dir='ltr'><strong>species</strong></span> <span class='ocrx_word' id='word_1_270' title='bbox 759 3889 925 3949; x_wconf 77' lang='lat' dir='ltr'><strong>cohaerenti</strong></span> <span class='ocrx_word' id='word_1_271' title='bbox 946 3893 1064 3949; x_wconf 86' lang='lat' dir='ltr'><strong>nostrae</strong></span> <span class='ocrx_word' id='word_1_272' title='bbox 1086 3889 1218 3965; x_wconf 86' lang='lat' dir='ltr'><strong>proxima</strong></span> <span class='ocrx_word' id='word_1_273' title='bbox 1241 3891 1304 3959; x_wconf 91' lang='lat' dir='ltr'><strong>est,</strong></span> <span class='ocrx_word' id='word_1_274' title='bbox 1340 3888 1391 3946; x_wconf 89' lang='lat' dir='ltr'><strong>sed</strong></span> 
     </span>
     <span class='ocr_line' id='line_1_36' title="bbox 110 3973 1390 4052; baseline 0 -18"><span class='ocrx_word' id='word_1_275' title='bbox 110 3977 233 4050; x_wconf 78' lang='lat' dir='ltr'><strong>perbelle</strong></span> <span class='ocrx_word' id='word_1_276' title='bbox 259 3974 402 4034; x_wconf 88' lang='lat' dir='ltr'><strong>distincta</strong></span> <span class='ocrx_word' id='word_1_277' title='bbox 425 3977 541 4034; x_wconf 85' lang='lat' dir='ltr'><strong>statura</strong></span> <span class='ocrx_word' id='word_1_278' title='bbox 560 3977 679 4048; x_wconf 90' lang='lat' dir='ltr'><strong>ruinore,</strong></span> <span class='ocrx_word' id='word_1_279' title='bbox 701 3975 779 4036; x_wconf 82' lang='lat' dir='ltr'><strong>foliis</strong></span> <span class='ocrx_word' id='word_1_280' title='bbox 793 3976 1126 4048; x_wconf 69' lang='lat' dir='ltr'><strong>lanceolata-subulcus,</strong></span> <span class='ocrx_word' id='word_1_281' title='bbox 1150 3976 1233 4052; x_wconf 89' lang='lat' dir='ltr'><strong>apice</strong></span> <span class='ocrx_word' id='word_1_282' title='bbox 1248 3973 1390 4051; x_wconf 77' lang='lat' dir='ltr'><strong>profunde</strong></span> 
     </span>
     <span class='ocr_line' id='line_1_37' title="bbox 109 4061 1391 4140; baseline -0.002 -18"><span class='ocrx_word' id='word_1_283' title='bbox 109 4065 246 4134; x_wconf 70' lang='lat' dir='ltr'><strong>anath,</strong></span> <span class='ocrx_word' id='word_1_284' title='bbox 277 4063 360 4121; x_wconf 88' lang='lat' dir='ltr'><strong>costa</strong></span> <span class='ocrx_word' id='word_1_285' title='bbox 383 4061 530 4121; x_wconf 82' lang='lat' dir='ltr'><strong>laxissime</strong></span> <span class='ocrx_word' id='word_1_286' title='bbox 553 4064 636 4122; x_wconf 84' lang='lat' dir='ltr'><strong>terta</strong></span> <span class='ocrx_word' id='word_1_287' title='bbox 658 4063 689 4122; x_wconf 88' lang='lat' dir='ltr'><strong>in</strong></span> <span class='ocrx_word' id='word_1_288' title='bbox 712 4063 859 4138; x_wconf 89' lang='lat' dir='ltr'><strong>cuspidem</strong></span> <span class='ocrx_word' id='word_1_289' title='bbox 882 4064 1029 4140; x_wconf 84' lang='lat' dir='ltr'><strong>integram</strong></span> <span class='ocrx_word' id='word_1_290' title='bbox 1052 4064 1207 4124; x_wconf 85' lang='lat' dir='ltr'><strong>excedente</strong></span> <span class='ocrx_word' id='word_1_291' title='bbox 1230 4061 1391 4133; x_wconf 88' lang='lat' dir='ltr'><strong>instructis,</strong></span> 
     </span>
     <span class='ocr_line' id='line_1_38' title="bbox 110 4148 761 4224; baseline -0.005 -14"><span class='ocrx_word' id='word_1_292' title='bbox 110 4152 222 4210; x_wconf 88' lang='lat' dir='ltr'><strong>omniuo</strong></span> <span class='ocrx_word' id='word_1_293' title='bbox 245 4148 518 4224; x_wconf 83' lang='lat' dir='ltr'><strong>eehlorophyllosis.</strong></span> <span class='ocrx_word' id='word_1_294' title='bbox 757 4151 761 4160; x_wconf 90' lang='lat'>&#39;</span> 
     </span>
    </p>

    <p class='ocr_par' dir='ltr' id='par_1_13' title="bbox 107 4233 1391 4748">
     <span class='ocr_line' id='line_1_39' title="bbox 193 4233 1390 4314; baseline -0.004 -16"><span class='ocrx_word' id='word_1_295' title='bbox 193 4236 378 4314; x_wconf 76' lang='lat' dir='ltr'><strong>specimina,</strong></span> <span class='ocrx_word' id='word_1_296' title='bbox 412 4253 486 4312; x_wconf 86' lang='lat' dir='ltr'><strong>quae</strong></span> <span class='ocrx_word' id='word_1_297' title='bbox 519 4234 589 4296; x_wconf 90' lang='lat' dir='ltr'><strong>clar.</strong></span> <span class='ocrx_word' id='word_1_298' title='bbox 622 4237 754 4310; x_wconf 77' lang='lat' dir='ltr'><strong>hlrrrnu,</strong></span> <span class='ocrx_word' id='word_1_299' title='bbox 787 4254 877 4313; x_wconf 91' lang='lat' dir='ltr'><strong>prope</strong></span> <span class='ocrx_word' id='word_1_300' title='bbox 903 4237 1170 4312; x_wconf 77' lang='lat' dir='ltr'><strong>Horat-Pierpor&#39;ot</strong></span> <span class='ocrx_word' id='word_1_301' title='bbox 1200 4236 1230 4295; x_wconf 89' lang='lat' dir='ltr'><strong>iu</strong></span> <span class='ocrx_word' id='word_1_302' title='bbox 1255 4233 1390 4295; x_wconf 80' lang='lat' dir='ltr'><strong>Suasoris</strong></span> 
     </span>
     <span class='ocr_line' id='line_1_40' title="bbox 107 4321 1391 4400; baseline -0.003 -16"><span class='ocrx_word' id='word_1_303' title='bbox 107 4325 191 4394; x_wconf 70' lang='lat' dir='ltr'><strong>lecta,</strong></span> <span class='ocrx_word' id='word_1_304' title='bbox 212 4341 328 4384; x_wconf 89' lang='lat' dir='ltr'><strong>mecum</strong></span> <span class='ocrx_word' id='word_1_305' title='bbox 350 4323 592 4396; x_wconf 83' lang='lat' dir='ltr'><strong>communicarit,</strong></span> <span class='ocrx_word' id='word_1_306' title='bbox 625 4325 722 4384; x_wconf 86' lang='lat' dir='ltr'><strong>omnia</strong></span> <span class='ocrx_word' id='word_1_307' title='bbox 745 4324 782 4384; x_wconf 88' lang='lat' dir='ltr'><strong>sd</strong></span> <span class='ocrx_word' id='word_1_308' title='bbox 805 4326 846 4384; x_wconf 84' lang='lat' dir='ltr'><strong>E.</strong></span> <span class='ocrx_word' id='word_1_309' title='bbox 868 4327 1016 4384; x_wconf 79' lang='lat' dir='ltr'><strong>emotum</strong></span> <span class='ocrx_word' id='word_1_310' title='bbox 1038 4324 1201 4400; x_wconf 88' lang='lat' dir='ltr'><strong>pertinent,</strong></span> <span class='ocrx_word' id='word_1_311' title='bbox 1224 4321 1301 4398; x_wconf 90' lang='lat' dir='ltr'><strong>quod</strong></span> <span class='ocrx_word' id='word_1_312' title='bbox 1324 4337 1391 4381; x_wconf 89' lang='lat' dir='ltr'><strong>sen·</strong></span> 
     </span>
     <span class='ocr_line' id='line_1_41' title="bbox 108 4407 1391 4486; baseline -0.002 -16"><span class='ocrx_word' id='word_1_313' title='bbox 108 4413 228 4472; x_wconf 75' lang='lat' dir='ltr'><strong>tectim</strong></span> <span class='ocrx_word' id='word_1_314' title='bbox 258 4410 418 4470; x_wconf 82' lang='lat' dir='ltr'><strong>clarissimi</strong></span> <span class='ocrx_word' id='word_1_315' title='bbox 442 4411 564 4470; x_wconf 84' lang='lat' dir='ltr'><strong>Wrnsorr</strong></span> <span class='ocrx_word' id='word_1_316' title='bbox 594 4411 737 4485; x_wconf 87' lang='lat' dir='ltr'><strong>explicat,</strong></span> <span class='ocrx_word' id='word_1_317' title='bbox 771 4428 835 4470; x_wconf 88' lang='lat' dir='ltr'><strong>cum</strong></span> <span class='ocrx_word' id='word_1_318' title='bbox 865 4411 895 4470; x_wconf 92' lang='lat' dir='ltr'><strong>iu</strong></span> <span class='ocrx_word' id='word_1_319' title='bbox 926 4410 1089 4486; x_wconf 73' lang='lat' dir='ltr'><strong>Bryolopr&#39;o</strong></span> <span class='ocrx_word' id='word_1_320' title='bbox 1110 4410 1289 4472; x_wconf 79' lang='lat' dir='ltr'><strong>Britannico</strong></span> <span class='ocrx_word' id='word_1_321' title='bbox 1318 4407 1391 4469; x_wconf 92' lang='lat' dir='ltr'><strong>dicit</strong></span> 
     </span>
     <span class='ocr_line' id='line_1_42' title="bbox 111 4495 1390 4575; baseline -0.003 -17"><span class='ocrx_word' id='word_1_322' title='bbox 111 4497 354 4575; x_wconf 78' lang='lat' dir='ltr'><strong>»nhtmguished</strong></span> <span class='ocrx_word' id='word_1_323' title='bbox 371 4495 446 4556; x_wconf 79' lang='lat' dir='ltr'><strong>from</strong></span> <span class='ocrx_word' id='word_1_324' title='bbox 463 4497 516 4556; x_wconf 88' lang='lat' dir='ltr'><strong>Ph</strong></span> <span class='ocrx_word' id='word_1_325' title='bbox 538 4499 683 4558; x_wconf 88' lang='lat' dir='ltr'><strong>serratum</strong></span> <span class='ocrx_word' id='word_1_326' title='bbox 705 4499 743 4573; x_wconf 82' lang='lat' dir='ltr'><strong>by</strong></span> <span class='ocrx_word' id='word_1_327' title='bbox 767 4499 816 4557; x_wconf 88' lang='lat' dir='ltr'><strong>the</strong></span> <span class='ocrx_word' id='word_1_328' title='bbox 839 4516 937 4570; x_wconf 83' lang='lat' dir='ltr'><strong>neruo,</strong></span> <span class='ocrx_word' id='word_1_329' title='bbox 959 4497 1053 4558; x_wconf 82' lang='lat' dir='ltr'><strong>which</strong></span> <span class='ocrx_word' id='word_1_330' title='bbox 1075 4497 1168 4560; x_wconf 84' lang='lat' dir='ltr'><strong>isnot</strong></span> <span class='ocrx_word' id='word_1_331' title='bbox 1184 4495 1390 4572; x_wconf 83' lang='lat' dir='ltr'><strong>unirequently</strong></span> 
     </span>
     <span class='ocr_line' id='line_1_43' title="bbox 109 4579 1390 4662; baseline -0.004 -15"><span class='ocrx_word' id='word_1_332' title='bbox 109 4587 211 4646; x_wconf 83' lang='lat' dir='ltr'><strong>absent</strong></span> <span class='ocrx_word' id='word_1_333' title='bbox 233 4605 267 4646; x_wconf 90' lang='lat' dir='ltr'><strong>or</strong></span> <span class='ocrx_word' id='word_1_334' title='bbox 289 4585 469 4660; x_wconf 85' lang='lat' dir='ltr'><strong>incompleta</strong></span> <span class='ocrx_word' id='word_1_335' title='bbox 492 4579 619 4662; x_wconf 83' lang='lat' dir='ltr'><strong>(semper</strong></span> <span class='ocrx_word' id='word_1_336' title='bbox 641 4585 670 4644; x_wconf 89' lang='lat' dir='ltr'><strong>in</strong></span> <span class='ocrx_word' id='word_1_337' title='bbox 686 4585 719 4644; x_wconf 81' lang='lat' dir='ltr'><strong>u.</strong></span> <span class='ocrx_word' id='word_1_338' title='bbox 743 4586 855 4646; x_wconf 88' lang='lat' dir='ltr'><strong>cohaer.</strong></span> <span class='ocrx_word' id='word_1_339' title='bbox 879 4585 999 4659; x_wconf 77' lang='lat' dir='ltr'><strong>adecti),</strong></span> <span class='ocrx_word' id='word_1_340' title='bbox 1022 4585 1080 4644; x_wconf 87' lang='lat' dir='ltr'><strong>and</strong></span> <span class='ocrx_word' id='word_1_341' title='bbox 1102 4586 1141 4661; x_wconf 80' lang='lat' dir='ltr'><strong>by</strong></span> <span class='ocrx_word' id='word_1_342' title='bbox 1164 4587 1214 4645; x_wconf 88' lang='lat' dir='ltr'><strong>the</strong></span> <span class='ocrx_word' id='word_1_343' title='bbox 1236 4583 1319 4658; x_wconf 85' lang='lat' dir='ltr'><strong>paler</strong></span> <span class='ocrx_word' id='word_1_344' title='bbox 1341 4600 1390 4643; x_wconf 91' lang='lat' dir='ltr'><strong>eo-</strong></span> 
     </span>
     <span class='ocr_line' id='line_1_44' title="bbox 107 4670 1058 4748; baseline 0 -16"><span class='ocrx_word' id='word_1_345' title='bbox 107 4673 169 4732; x_wconf 90' lang='lat' dir='ltr'><strong>lonr</strong></span> <span class='ocrx_word' id='word_1_346' title='bbox 189 4673 224 4734; x_wconf 81' lang='lat' dir='ltr'><strong>oi</strong></span> <span class='ocrx_word' id='word_1_347' title='bbox 242 4674 295 4734; x_wconf 86' lang='lat' dir='ltr'><strong>the</strong></span> <span class='ocrx_word' id='word_1_348' title='bbox 319 4671 451 4747; x_wconf 84' lang='lat' dir='ltr'><strong>capsula.</strong></span> <span class='ocrx_word' id='word_1_349' title='bbox 496 4671 526 4730; x_wconf 88' lang='lat' dir='ltr'><strong>lt</strong></span> <span class='ocrx_word' id='word_1_350' title='bbox 548 4670 574 4731; x_wconf 91' lang='lat' dir='ltr'><strong>is</strong></span> <span class='ocrx_word' id='word_1_351' title='bbox 596 4689 615 4732; x_wconf 90' lang='lat' dir='ltr'><strong>a</strong></span> <span class='ocrx_word' id='word_1_352' title='bbox 637 4672 737 4732; x_wconf 87' lang='lat' dir='ltr'><strong>rather</strong></span> <span class='ocrx_word' id='word_1_353' title='bbox 758 4672 895 4732; x_wconf 82' lang='lat' dir='ltr'><strong>doubtful</strong></span> <span class='ocrx_word' id='word_1_354' title='bbox 918 4672 1058 4748; x_wconf 77' lang='lat' dir='ltr'><strong>speclea«</strong></span> 
     </span>
    </p>
   </div>
   <div class='ocr_carea' id='block_1_12' title="bbox 0 0 1642 5218">
    <p class='ocr_par' dir='ltr' id='par_1_14' title="bbox 0 0 1642 5218">
     <span class='ocr_line' id='line_1_45' title="bbox 0 0 1642 5218; baseline 0 0"><span class='ocrx_word' id='word_1_355' title='bbox 0 0 1642 5218; x_wconf 95' lang='lat' dir='ltr'><strong> </strong></span> 
     </span>
    </p>
   </div>
  </div>
 </body>
</html>
