3388 5242
290 325 356 396 lob
856 327 999 400 asyam.

293 503 366 570 Ver.
389 510 410 584 β
431 504 647 589 praeiteecena.
694 504 826 572 Plantae
848 505 936 572 valde
958 505 1057 574 elatae
1079 506 1327 591 praedomantes,
1349 507 1480 574 mmulis
1504 509 1574 574 len-

401 607 451 693 gis
473 607 613 674 tenuibus
636 608 874 693 sublestigiatis.
919 610 1052 694 Capsula
1074 611 1193 691 minor,
1216 611 1298 677 baud
1320 631 1413 696 supra
1436 615 1574 680 ramulos

400 711 483 778 elata
506 711 554 776 vel
576 711 698 798 longius
720 712 909 796 pedicellsta.

297 833 372 900 Van.
394 859 411 917 y
430 833 618 917 flaccidum,
641 834 776 919 graeile,
799 836 934 916 mollius,
960 837 1043 903 loliis
1066 836 1227 904 ramulinis
1249 837 1414 906 latioribus
1438 839 1575 906 flaccidis

401 937 626 1022 pallidioribus,
649 939 772 1023 capsula
795 941 944 1008 breviore.

293 1058 404 1125 Vaut
425 1067 628 1144 compactum,
651 1063 807 1144 compacte
829 1063 1044 1146 eaespitesumj
1066 1063 1152 1131 caule
1174 1062 1284 1147 gracili
1308 1063 1389 1132 baud
1406 1065 1576 1144 ramulosa,
1658 1082 1659 1136 l

405 1163 530 1246 capsula
554 1162 693 1230 breviore
715 1167 857 1232 eborata.

382 1283 491 1350 Habil.
515 1283 553 1350 ad
576 1287 692 1352 terram
714 1287 869 1354 humidam
892 1291 923 1355 et
944 1289 1144 1374 uliginosam,
1168 1289 1200 1355 iu
1222 1289 1349 1374 rupibus
1370 1289 1505 1358 madidis
1527 1293 1577 1358 rel
1660 1303 1661 1308 ’

295 1389 436 1474 irrigatis
466 1409 482 1456 e
514 1389 638 1475 regione
660 1393 825 1475 campestri
857 1413 952 1477 usque
977 1395 1009 1459 in
1033 1393 1186 1479 alpinam,
1210 1413 1263 1476 per
1285 1395 1385 1461 totam
1408 1395 1577 1478 llumpam.

294 1492 384 1560 Varr.
400 1501 421 1574 β
437 1497 469 1560 et
483 1520 517 1578 y,
540 1494 572 1560 in
596 1495 758 1580 uliginosis
782 1497 922 1579 aquosis:
946 1505 1047 1575 vano
1070 1498 1273 1581 pulcherrime
1295 1497 1333 1564 ad
1357 1501 1502 1584 smgnum
1519 1499 1578 1564 leci

304 1597 521 1664 Weisscnsteio
550 1598 581 1664 iu
604 1597 754 1666 Rbeotiae
784 1619 825 1666 m.
850 1601 976 1686 Albula,
1002 1601 1156 1668 credidis
1183 1604 1285 1688 styqie
1306 1601 1493 1670 associatam
1516 1603 1580 1688 legi

298 1705 329 1770 et
352 1722 368 1768 e
391 1701 498 1770 Suecia
521 1701 638 1785 accepi;
662 1722 727 1768 aar.
751 1731 768 1787 y
790 1724 882 1788 prope
905 1705 1095 1773 Needamum
1119 1705 1342 1774 Neomarcbiae
1364 1706 1478 1773 lectam
1501 1707 1578 1773 elur.

298 1808 464 1872 luzmsonu
488 1805 587 1883 misit;
622 1825 686 1873 var.
709 1816 728 1874 o
750 1810 781 1874 in
804 1811 933 1876 summis
956 1810 1089 1893 Alpibus
1120 1813 1152 1876 et
1183 1830 1277 1894 prope
1299 1809 1523 1877 comessum
1549 1811 1580 1876 in
1667 1876 1668 1882 ,

298 1911 424 1996 rupibus
446 1911 612 1977 maritimis
635 1913 742 1995 reperi.

387 2014 495 2080 Froec.
518 2024 634 2081 emtor.
658 2016 753 2100 Majo,
776 2017 879 2096 lunio,
902 2018 933 2083 in
956 2018 1089 2102 Alpibus
1111 2017 1291 2086 editioribus
1313 2019 1467 2103 Augusto.

384 2146 409 2204 lc
432 2147 651 2221 speciosissimis
674 2147 790 2220 generis
812 2147 893 2208 caule
916 2149 994 2208 haud
1018 2165 1083 2208 raro
1100 2147 1269 2221 semipedali
1286 2146 1480 2222 capsulaeqne
1497 2149 1582 2222 pedi-

299 2233 370 2298 cello
387 2233 534 2293 triunciali
549 2234 673 2309 insigne,
693 2237 840 2296 caeterum
857 2236 954 2311 quoad
970 2235 1062 2298 caulis
1077 2234 1290 2311 longitudinum
1306 2233 1438 2294 loliorum
1456 2234 1581 2294 sormam

299 2322 364 2397 plus
395 2320 489 2380 minus
521 2321 687 2397 elongatam
719 2323 785 2398 plns
816 2322 947 2382 minusve
970 2323 1124 2382 dilatatam
1150 2322 1231 2382 valde
1254 2321 1405 2381 variabile.
1450 2322 1580 2397 Capeula

299 2407 378 2468 baud
402 2425 467 2468 raro
489 2407 594 2468 leniter
616 2427 729 2468 sursum
753 2411 874 2469 carrata
898 2411 1062 2470 ventricosa
1093 2409 1209 2480 evadit,
1241 2407 1409 2485 plerumque
1438 2407 1581 2484 elongata

299 2494 466 2572 longicolla,
489 2513 556 2555 raro
579 2497 753 2556 abbreviata
776 2499 912 2558 eborata.

387 2599 508 2659 Plurimi
535 2601 674 2678 Bryologi
702 2619 766 2660 cnm
790 2600 842 2661 Br.
870 2601 944 2660 &aare
972 2601 1237 2672 commutaverunt,
1266 2619 1285 2660 a
1313 2617 1370 2675 quo
1399 2601 1499 2659 tamen
1520 2617 1580 2658 nen
1675 2633 1676 2636 =

299 2686 629 2748 solemnitatemque
652 2689 756 2758 dictes,
778 2689 829 2748 sed
852 2689 940 2748 etiam
963 2687 1141 2762 caespitibus
1163 2687 1323 2762 majoribus
1345 2687 1528 2748 densioribus
1552 2691 1583 2744 et

300 2773 428 2850 capsulis
450 2775 632 2850 longioribus
654 2776 821 2852 plerumque
845 2776 1074 2836 subventrieosis
1096 2775 1209 2847 differt3
1242 2775 1333 2834 multe
1364 2773 1509 2850 copiosius
1532 2793 1582 2834 ec·

300 2862 390 2924 currit
413 2861 558 2938 Alpesque
581 2863 722 2934 ascendit,
745 2862 794 2923 ubi
818 2863 871 2922 ar.
895 2863 1002 2922 binium
1025 2862 1217 2924 desideratur.

702 3076 754 3130 02.
786 3073 918 3142 aspum
940 3071 1178 3129 neodarnense.

845 3197 952 3256 Irares.
974 3197 1040 3255 met.

390 3327 618 3410 Caespitowm,
650 3327 800 3411 caespites
823 3325 885 3393 laxi
908 3327 957 3394 vel
979 3325 1155 3393 condensati
1178 3327 1211 3391 et
1233 3323 1315 3391 baud
1337 3341 1407 3390 raro
1429 3321 1584 3388 intumes-

301 3435 404 3499 centes
428 3432 631 3526 radiculisque
654 3433 728 3498 rofis
751 3431 920 3499 intertexti.
967 3430 1101 3497 Plantae
1122 3428 1246 3496 cautim.
1269 3425 1504 3504 2-1oa1tee,
1534 3426 1585 3492 al·

301 3536 397 3602 tiores
427 3536 662 3620 gracilescentee
693 3537 792 3603 laxius
815 3536 942 3603 foliosae
965 3553 1095 3618 rareque
1117 3533 1245 3600 fertiles.
1291 3531 1379 3598 Folia
1401 3531 1497 3598 caulis
1519 3530 1586 3596 ier·

301 3639 369 3705 tilis
391 3639 536 3706 iuferiora
559 3643 688 3721 minuta,
712 3643 839 3718 remota,
863 3643 969 3718 orata,
992 3639 1125 3719 metica,
1148 3639 1236 3704 cosla
1258 3635 1314 3702 sub
1337 3635 1423 3718 apice
1445 3635 1585 3712 evanida,

307 3763 426 3810 summa
449 3743 480 3809 in
503 3746 638 3812 rosulum
663 3747 817 3829 patentem
834 3745 981 3823 conserta,
1003 3745 1102 3811 multe
1119 3742 1245 3827 majera,
1269 3739 1478 3808 florescentiae
1500 3743 1582 3806 tem·

302 3868 375 3934 pore
396 3849 543 3916 obovato·
565 3852 598 3916 et
619 3850 915 3934 elliptieo-eolenge,
940 3851 1077 3932 tempore
1100 3844 1349 3915 fructificationis
1372 3844 1497 3926 paulum
1513 3843 1584 3910 lon-

301 3954 389 4040 giora
410 3953 646 4038 distinctiusque
669 3956 854 4032 acuminata,
877 3956 963 4022 costa
985 3971 1053 4020 eum
1076 3951 1161 4036 apice
1184 3951 1232 4023 rcl
1255 3950 1382 4035 paulum
1406 3950 1489 4016 ultra
1514 3967 1583 4014 mu-

302 4077 482 4142 cronemque
504 4059 626 4126 brevem
650 4059 800 4124 lormanie
822 4057 957 4136 finiente,
980 4059 1109 4141 utraque
1131 4057 1201 4140 plns
1225 4053 1326 4121 miuus
1348 4071 1481 4120 concava
1503 4051 1583 4118 baud

302 4182 372 4230 raro
393 4161 654 4232 cochleariiormia
676 4163 725 4229 nel
749 4163 847 4230 solum
878 4161 963 4246 apice
994 4161 1170 4240 cucullata,
1203 4159 1342 4244 marmus
1364 4159 1466 4224 eeu
1486 4155 1584 4222 limbo

302 4287 320 4335 e
342 4265 459 4334 cellulis
475 4267 696 4335 lnteseentibus
716 4265 957 4352 pacbydermicis
972 4265 1114 4351 angustis
1128 4262 1353 4330 c-oseracia
1367 4260 1584 4336 circumducto.

302 4371 362 4440 reti
385 4371 578 4439 mediocriter
599 4371 710 4450 denso,
732 4369 1053 4457 hexagono-rhombos
1077 4371 1110 4437 et
1132 4367 1323 4454 rectangulo.
1366 4367 1471 4434 Floras
1494 4367 1528 4430 ut
1550 4365 1583 4430 in

304 4477 361 4544 Br.
373 4477 659 4562 pseudetriquequ
682 4475 867 4554 aretheridia
891 4474 1074 4560 arebegonia
1090 4477 1121 4542 et
1137 4473 1324 4559 pamphyses
1340 4470 1471 4556 eopiosa
1500 4469 1583 4552 Cap-

304 4581 371 4648 sula
393 4581 425 4646 in
448 4580 593 4665 pedicelle
617 4581 685 4664 plus
708 4578 845 4648 minuere
867 4579 1012 4666 elongate
1034 4577 1175 4664 pendula,
1198 4595 1343 4644 unacum
1359 4575 1438 4642 collo
1453 4591 1582 4658 speran-

303 4686 354 4777 gie
376 4685 513 4753 breviore
529 4685 649 4754 brevius
664 4683 824 4770 longiusve
839 4684 1147 4764 omento-oomnis,
1170 4681 1251 4751 sicce
1266 4681 1323 4748 snb
1338 4699 1389 4748 ore
1404 4677 1581 4754 considete,
