3388 5218
680 377 856 438 Intrcdcctlo.
1367 375 1410 436 11

133 559 313 637 invenimus,
338 577 451 636 unum,
474 556 632 623 mmedme
654 558 808 642 duplicem
831 557 879 624 rel
902 557 1056 642 triplicem
1081 555 1262 624 cellularum
1279 559 1412 623 stratum

133 665 384 730 constituentem.
412 663 552 728 &Uulne
574 662 658 747 ipsae
673 662 705 728 in
722 663 851 728 dirersis
867 661 1024 748 speciebus
1041 661 1251 746 magnitudine
1268 665 1299 726 et
1314 661 1414 728 torma

133 787 218 851 qnam
243 769 379 833 maxime
401 767 524 834 variant
539 769 665 851 reteque
681 767 797 833 sistunt
812 766 882 852 plus
898 765 1036 832 minusve
1053 767 1164 844 laxum,
1189 767 1258 850 plus
1275 765 1414 832 minusve

133 871 373 950 condensatum
399 869 703 956 pcrmtymutcsec
737 872 828 946 sant,
861 871 882 934 i.
906 889 932 936 e.
965 870 1214 936 extremitatibus
1236 872 1414 936 transverse

134 974 305 1060 deplanatis
329 975 389 1041 sibi
411 975 589 1060 impositae,
613 974 792 1058 areolasque
814 973 1220 1059 hexagono-punctilormes,
1243 975 1275 1038 iu
1301 973 1415 1038 Ortio-

135 1079 295 1145 triclcceie
319 1081 352 1146 et
374 1079 415 1146 al.
440 1079 479 1144 ad
501 1078 647 1146 talionem
670 1077 806 1162 apicem,
840 1077 1006 1160 quadratas
1029 1079 1061 1144 et
1087 1077 1262 1164 beregcnae
1284 1078 1315 1143 in
1341 1077 1416 1142 Pot-

136 1186 236 1248 tioeeis
259 1203 286 1250 e.
303 1204 333 1249 a
350 1183 529 1259 efformatum
547 1182 875 1268 praeseminatores,
899 1181 919 1246 i.
933 1201 958 1246 e.
976 1181 1223 1248 extremitatibus
1239 1181 1339 1248 acutis
1356 1181 1415 1248 sibi

136 1289 347 1355 accumbentes
370 1290 463 1372 atque
494 1287 614 1355 areolas
645 1287 807 1354 rbcmbeas
838 1288 870 1352 et
900 1286 1115 1354 rhomboideas
1137 1286 1300 1372 fingentes,
1323 1289 1359 1351 ut
1382 1285 1414 1350 in

139 1391 244 1477 broie,
262 1391 446 1468 Petroniis,
473 1391 745 1476 Rbpuctostepiis,·
767 1391 1080 1478 hexagono-lineales,
1105 1391 1135 1456 in
1152 1391 1259 1457 multis
1277 1389 1415 1476 Hypoc-

22 1541 27 1556 .
137 1496 210 1573 cais,-
232 1495 368 1561 lineares
384 1497 417 1561 et
435 1493 652 1561 vermiculares
668 1495 688 1559 i.
705 1514 731 1559 e.
756 1494 1048 1573 flexuoso-lineares,
1069 1493 1242 1578 itupois
1265 1495 1411 1579 propriis3

138 1599 415 1676 annoso-lineares,
440 1601 472 1664 in
496 1599 737 1676 Grimmicceie,
769 1599 998 1674 Andruecreia,
1020 1597 1099 1663 unde
1122 1599 1286 1664 reticulum
1311 1597 1412 1662 ricor-

138 1702 236 1781 beum,
260 1703 515 1785 rhomboideum,
538 1703 836 1788 lacapeno-lineata.
859 1703 988 1781 lineare,
1011 1703 1226 1782 cerenicum-e,
1250 1703 1412 1766 sinuosum

139 1807 244 1874 dicitur
259 1807 287 1871 ⁴.
334 1807 511 1874 Reticulum
547 1807 665 1892 ipsum,
699 1826 716 1872 e
738 1805 979 1892 congregatione
1002 1803 1182 1870 cellularum
1208 1803 1413 1881 efformatum,

139 1931 189 1994 pro
217 1911 447 1978 membranulae
472 1911 630 1977 cellularis
659 1910 800 1977 crassitie
827 1907 960 1974 validius
998 1906 1181 1973 subtiliusre
1216 1907 1412 1990 conspicitur.

140 2013 272 2085 Gellulae
299 2015 447 2082 loliorum
480 2015 627 2081 basileros
656 2035 712 2099 pro
742 2033 827 2080 more
857 2014 987 2086 caeteris
1017 2013 1151 2096 majores
1182 2021 1255 2077 sunt
1283 2013 1414 2094 atqrree

140 2119 346 2186 membranula
368 2119 503 2187 tenuiori
525 2119 720 2196 etlormatee,
752 2138 812 2201 quo
843 2119 881 2184 fit
909 2118 945 2183 ut
972 2116 1136 2183 reticulum
1160 2115 1292 2181 basilere
1315 2113 1414 2180 larius

141 2223 226 2305 atque
249 2223 394 2290 subtilius
417 2222 539 2298 videas3
572 2221 691 2288 inillis
720 2221 877 2306 speciebus
905 2223 1009 2287 autem
1040 2239 1168 2304 quarum
1193 2220 1259 2284 rete
1281 2217 1414 2284 basilare

141 2325 236 2392 niem
259 2347 277 2391 a
299 2329 421 2393 caetero
444 2327 512 2392 lolii
535 2327 593 2392 reti
616 2327 737 2404 differt,
770 2326 852 2391 baud
875 2345 945 2393 raro
968 2325 1006 2416 ad
1028 2325 1111 2391 basis
1134 2323 1264 2410 angulos
1285 2321 1414 2388 cellulas

141 2429 225 2495 valde
247 2432 411 2516 ampliatae
434 2431 566 2516 reperis,
595 2449 724 2515 quarum
747 2430 967 2516 aggregatione
989 2428 1064 2496 lolia
1086 2430 1156 2514 plus
1180 2427 1319 2493 minusve
1342 2444 1415 2491 con-

143 2533 241 2618 spicue
263 2535 436 2602 auriculata
458 2535 628 2601 redduntur
650 2533 814 2619 (Dicruna
837 2535 869 2600 et
891 2533 1014 2620 Hypera
1036 2533 1159 2618 multe).

224 2639 311 2722 Quod
333 2640 459 2706 tandem
483 2640 521 2705 ad
543 2639 687 2706 loliorum
710 2635 945 2704 consistentiam
966 2637 1119 2722 pertinet,
1149 2635 1267 2714 riiolll's,
1300 2633 1413 2715 aalide,
1480 2713 1483 2718 Ι

143 2745 288 2830 rigidalo,
311 2745 507 2811 subcamma
530 2745 580 2811 rel
602 2745 790 2825 succulenta,
814 2741 1060 2822 merebraoaeeo,
1083 2741 1225 2804 scoriaco
1248 2741 1305 2804 est.

226 2849 316 2916 Color
336 2849 482 2917 loliorum
506 2849 576 2936 plus
598 2849 701 2914 minus
725 2847 876 2912 virescens
899 2865 917 2911 a
940 2844 1149 2930 cblorophylli
1177 2844 1266 2928 copia
1289 2845 1415 2927 ejusque

145 2953 239 3019 rircre
266 2953 435 3021 intensiore
465 2954 516 3020 rel
545 2953 691 3020 dilutiore
720 2949 872 3035 provenit.
918 2947 995 3014 Cum
1018 2948 1267 3033 cbloropbyllum
1291 2948 1415 3014 omnino

144 3055 234 3134 deest,
254 3059 329 3125 folia
350 3059 497 3135 albicent,
521 3059 557 3123 ut
579 3058 611 3122 in
635 3057 725 3141 Brye
740 3061 905 3140 erpeium
928 3071 997 3118 cum
1021 3053 1143 3138 copiose
1159 3051 1246 3117 adest
1261 3051 1416 3136 granulis·

145 3177 198 3242 qne
226 3161 287 3226 anis
317 3160 448 3226 cellulas
478 3159 606 3245 implet,
639 3159 715 3226 talia
746 3159 886 3224 saturata
918 3157 967 3222 vel
997 3158 1080 3224 laete
1108 3157 1208 3222 virent
1230 3155 1416 3236 (Barbatus,

147 3263 369 3348 calceatae
400 3283 471 3330 cum
493 3263 679 3332 dissolutum
702 3261 865 3349 pelliculae
887 3261 987 3327 instar
1010 3259 1190 3326 cellularum
1214 3259 1346 3344 parietes
1369 3257 1417 3322 in·

145 3367 245 3435 ternos
264 3369 407 3446 obducit,
436 3367 512 3436 lolia
544 3388 560 3434 e
588 3367 679 3432 viridi
701 3367 871 3434 flavescunt
892 3365 1029 3451 (Hypera
1052 3364 1208 3449 plurima).
1253 3363 1323 3430 Non
1346 3382 1416 3429 raro

146 3473 290 3539 caeterum
312 3473 513 3540 inveniuntur
527 3471 630 3538 Musei
652 3489 781 3555 quorum
804 3471 949 3536 loliorum
973 3471 1057 3536 color
1078 3469 1111 3534 in
1132 3484 1329 3553 purpureum,
1352 3468 1417 3532 fus·

146 3597 222 3657 cum,
243 3579 421 3658 oliraceum,
444 3577 649 3663 nigricantem
665 3575 809 3652 sertitem,
833 3576 865 3640 et
881 3574 1018 3640 omnium
1041 3573 1103 3638 lere
1124 3573 1201 3639 lolia
1215 3574 1319 3638 aetate
1334 3573 1417 3638 colo·

145 3699 207 3745 rem
230 3680 442 3760 lutcseentom,
474 3681 701 3766 ferrugineum,
724 3679 860 3757 fuscum,
884 3679 1021 3744 atratum
1045 3677 1192 3752 induunt;
1216 3676 1355 3760 plerique
1378 3675 1416 3740 ad

147 3786 229 3852 nives
248 3787 394 3873 degentes
415 3787 580 3878 nigricant.

231 3891 363 3977 longus
385 3893 490 3958 tarsen
513 3909 604 3973 quem
627 3909 684 3974 par
706 3890 754 3954 est
776 3889 808 3954 in
831 3887 915 3955 loliis
937 3885 1144 3953 describendis
1167 3885 1350 3952 commorati
1366 3905 1417 3950 su-

147 4013 224 4071 mus,
245 3995 304 4074 sed,
325 3998 363 4062 ut
382 3997 447 4081 jam
471 3995 626 4062 Bridelius
645 3993 774 4078 judicat,
797 3995 831 4060 in
853 3993 1011 4078 speciebus
1034 3993 1066 4058 et
1088 3991 1249 4076 generibus
1272 3990 1417 4056 determi-

148 4099 251 4166 umdis
272 4103 303 4167 et
323 4099 503 4168 deliniendis
525 4099 608 4164 tanti
631 4102 703 4165 sunt
728 4099 893 4176 momenti,
926 4099 963 4162 ut
985 4097 1130 4162 accurata
1152 4115 1256 4162 eorum
1280 4093 1417 4180 cognitio

150 4201 242 4267 nimis
262 4202 465 4271 commendari
487 4203 628 4287 nequeat.

238 4407 253 4440 ·
273 4408 331 4466 vie
350 4409 391 4464 W.
410 4410 459 4466 Pa.
477 4410 616 4465 Senum
634 4409 707 4466 lecu.
725 4423 866 4482 ergeuegr.
885 4408 951 4465 Teb.
970 4407 1018 4466 VI.
