3412 5244
274 311 338 388 350
799 305 1032 390 beeapnlsaoo.

278 493 444 596 Tetrapolis
460 493 624 580 pellucido
645 494 756 561 Hunno.
780 493 832 578 Sp.
855 494 899 560 M.
946 494 1037 560 Bum.
1061 494 1167 580 Bryol.
1190 494 1271 564 univ.
1301 495 1350 562 Du
1372 493 1450 564 Nor.
1473 493 1553 582 Syn

382 599 414 664 et
443 598 524 683 Epil.
558 599 697 717 'Hedum
724 597 837 666 Slmnd.
860 598 908 666 lll.
954 599 1010 666 Bu.
1033 599 1065 665 et
1087 598 1160 667 Son.
1183 600 1289 686 Bryol.
1312 620 1376 668 eur.
1421 601 1554 668 Wuson

275 702 639 894 Georqilizryffatealzlstpm
661 807 765 876 Euan.
789 807 929 874 Hannon.
952 807 1076 892 Magea.
1121 805 1156 874 0.
1178 808 1313 875 lomim
1335 807 1465 894 Synops.

361 929 470 995 Habet.
494 929 526 995 in
548 929 644 1015 sylvis
666 927 818 996 umbrosis
840 925 880 994 ad
895 947 986 1012 rupes
1001 927 1254 1008 humidiusoulas‚
1276 929 1315 996 ad
1330 929 1417 1014 ligna
1431 931 1557 1013 putres·

273 1033 382 1112 centia,
405 1033 444 1100 ad
466 1035 582 1100 terram
603 1031 781 1114 tortuosum,
804 1050 821 1098 e
841 1031 966 1118 regione
988 1033 1155 1118 campestri
1176 1033 1325 1115 usquein
1346 1032 1484 1117 alpinam
1501 1052 1557 1117 per

273 1139 374 1204 totam
410 1137 579 1220 Europam
615 1156 632 1202 e
661 1135 896 1222 vulgatissimis.
940 1136 1047 1203 Etiam
1076 1137 1109 1202 in
1138 1137 1285 1204 Amerioa
1320 1137 1557 1222 septentrionali

274 1239 425 1325 provenit.

362 1364 472 1430 Fruet.
494 1371 611 1430 molor.
635 1381 715 1430 vere.

360 1493 568 1554 Innovationes
590 1492 771 1569 oyatbiferae
795 1491 907 1551 fertiles
929 1495 1071 1567 superant
1104 1493 1287 1570 longitndine
1318 1495 1348 1554 ot
1376 1495 1457 1554 hand
1486 1511 1557 1554 raro

274 1597 402 1654 numero,
425 1579 560 1655 foliisque
582 1581 713 1656 gaudent
734 1578 900 1652 latioribus,
922 1580 1071 1652 eboratis,
1094 1582 1223 1642 brevitor
1245 1581 1418 1656 spiculatis,
1440 1581 1556 1642 unilor·

274 1669 360 1728 miter
396 1668 713 1743 hexagono-areolatis.
769 1666 906 1742 Gyathnli
942 1667 1053 1727 nullom
1090 1667 1267 1729 affinitatem
1304 1667 1554 1744 morphologioam

273 1756 386 1815 hebent
408 1772 472 1814 oum
495 1754 633 1829 capitulis
655 1753 917 1829 pseudopodiorum
939 1753 1143 1828 Aalaoomnii,
1173 1773 1247 1831 quae
1270 1773 1286 1815 o
1308 1754 1386 1817 foliis
1408 1756 1557 1816 abortivis

274 1841 473 1913 efformantnr,
496 1841 564 1900 dum
587 1840 718 1926 oyathnli
740 1840 853 1900 laudati
875 1857 890 1900 e
913 1839 991 1901 foliis
1006 1841 1239 1918 perigenialibus
1253 1843 1463 1919 hyportrophis
1478 1859 1556 1918 eque

276 1928 449 1989 antheridiie
471 1927 640 1988 deformatis
663 1927 805 2003 originem
827 1928 945 1987 dnount.

694 2130 774 2210 (len.
796 2134 827 2208 2.
872 2131 1134 2210 Tetrodontium'.

736 2277 908 2336 sesamon.
931 2277 1032 2353 Suppl.
1051 2277 1092 2338 II.

362 2426 492 2493 Plantae
513 2424 709 2510 perhumiles‚
731 2424 873 2508 pusillae,
895 2425 1066 2510 gregariao.
1111 2423 1217 2490 Cauiis
1232 2424 1442 2505 brevissimus,
1465 2443 1556 2510 gem-

153 2507 156 2514 ’
276 2531 393 2598 mnam
414 2530 555 2598 nomem
578 2531 712 2615 sisois,
746 2529 815 2596 bosi
843 2529 991 2596 innovans
1022 2528 1218 2613 mnusque
1250 2529 1396 2598 emittens
1419 2529 1554 2616 nigen-

274 2635 388 2703 formes
410 2635 537 2704 foliosos
559 2635 611 2703 rel
632 2635 760 2702 lineales
783 2635 1035 2718 subspatbulstos
1056 2633 1245 2702 foliiiormee.
1289 2635 1377 2702 Folia
1407 2634 1554 2702 solidiora

274 2739 413 2807 obsoleto
434 2742 556 2809 oostata
578 2741 611 2806 et
632 2740 779 2818 mostata,
802 2757 819 2804 e
841 2737 963 2804 oollulis
985 2737 1227 2824 psobydermiois
1255 2738 1436 2818 efformata,
1468 2737 1556 2806 rosea

274 2844 367 2911 vitris
391 2847 481 2912 aneta
504 2845 655 2928 amantia,
676 2842 951 2929 eoblorophyllosa.
995 2843 1101 2909 liores
1116 2841 1265 2921 monoioi;
1288 2841 1461 2910 antberidia
1483 2843 1557 2910 bra-

274 2948 359 3016 viora
388 2948 541 3016 orassiora
575 2967 667 3032 quam
696 2947 729 3012 iu
757 2966 868 3033 genere
897 2947 1104 3031 praecedento.
1149 2945 1282 3031 Oapsula
1305 2947 1403 3014 ovalis
1424 2948 1474 3015 vel
1499 2947 1557 3015 ob-

274 3052 377 3139 longa,
401 3053 440 3120 ad
462 3053 551 3120 basin
573 3071 667 3136 usque
689 3052 832 3138 oalyptra
853 3051 997 3119 solidiore
1019 3050 1172 3130 obvoluta,
1194 3053 1263 3136 ipsa
1277 3051 1413 3132 solidior,
1436 3053 1557 3140 penby-
1668 3055 1669 3060 ’

273 3156 390 3237 dorma,
412 3157 498 3224 iusoa
518 3159 622 3224 aetate
643 3155 814 3242 nigrioaus;
837 3155 986 3239 pedioello
1007 3155 1210 3222 orassiusoulo
1231 3155 1341 3242 rigido.
1371 3155 1557 3224 Poristom'ui

273 3260 380 3330 dentes
403 3263 503 3330 multo
525 3261 694 3340 breviores,
718 3279 734 3328 e
756 3260 877 3328 oellulis
898 3258 1088 3327 brevioribus
1111 3259 1272 3328 efformati
1316 3260 1430 3346 Sporae
1452 3261 1557 3346 majo·

272 3384 333 3448 ree,
356 3384 373 3432 e
394 3365 487 3432 viridi
508 3367 620 3433 luteae.
664 3363 828 3432 Habitatio
850 3363 1010 3447 rupestris.

639 3567 668 3624 1.
698 3563 961 3623 'demodontlum
982 3563 1186 3634 repandum.

712 3687 851 3762 'lotrapb
875 3686 1006 3762 repanda
1028 3685 1119 3746 Foru.

359 3831 464 3902 caulis
487 3834 687 3902 brevissimus
711 3836 777 3902 sols
798 3835 873 3906 solia
894 3834 1017 3902 floralia
1038 3835 1071 3900 in
1093 3833 1284 3921 gemmulam
1305 3833 1468 3900 imbricata
1500 3853 1556 3920 ge-

273 3957 361 4021 rens,
393 3940 588 4024 remulosque
618 3957 797 4008 numerosos
825 3940 943 4007 erectos
976 3940 1025 4007 vel
1053 3939 1251 4006 ascendentes
1273 3937 1440 4024 rigidulos‚
1470 3937 1557 4006 loliis

273 4045 562 4113 ovato-lenoeolatis
593 4045 625 4112 et
656 4043 835 4112 lanceolatis
863 4044 974 4130 rigidis
1003 4043 1180 4112 rufo-brsois
1201 4043 1303 4110 denne
1325 4045 1359 4110 et
1380 4043 1558 4110 imbricatis

274 4151 383 4216 tectos.
428 4148 516 4217 Folia
545 4148 776 4232 periebaetialin
804 4168 824 4215 a
852 4148 920 4215 basi
948 4149 1044 4216 saulis
1077 4148 1116 4215 ad
1147 4147 1266 4231 apioem
1297 4147 1412 4216 sensim
1435 4147 1556 4232 maJora

272 4255 365 4321 ovate
380 4255 411 4319 et
426 4252 569 4338 oblonga,
593 4252 682 4318 valde
697 4271 839 4332 oonoava,
861 4253 998 4320 obsoleto
1013 4254 1144 4333 oosteta,
1167 4251 1354 4331 rulo-fuson
1376 4251 1557 4338 perigenis-

272 4358 317 4426 lia
340 4358 467 4436 minora,
490 4355 641 4434 tenuiora,
663 4357 700 4422 ut
722 4357 754 4422 et
776 4356 928 4423 ramulina
950 4359 1096 4424 eeostata
1141 4356 1274 4440 Capsula
1297 4356 1395 4422 ovalis
1416 4357 1456 4422 ad
1478 4355 1559 4424 den-

273 4461 351 4528 tium
373 4459 546 4527 interstitia
568 4459 716 4546 profunde
738 4461 932 4547 emarginata
954 4461 1131 4548 (repanda),
1164 4460 1306 4543 operculo
1328 4459 1433 4528 oonioo
1455 4459 1556 4528 brem

273 4565 379 4652 Bryol.
402 4584 466 4633 eur.
489 4562 558 4629 Vol.
582 4563 624 4643 Π,
646 4562 720 4630 'lab
747 4563 818 4632 197.

277 4685 444 4774 Tetrapolis
465 4685 610 4772 repando
634 4685 816 4754 brevioaulis
840 4688 970 4756 smoulir
993 4687 1174 4757 lateralibus
1189 4685 1342 4776 angues,
1365 4686 1451 4756 soliis
1465 4705 1557 4758 mer·
1653 4709 1654 4729 ¹
