3182 5252
335 321 400 388 800
899 321 1066 396 limosas

423 497 532 563 Habet.
555 499 587 564 iu
610 497 770 582 sylvaticis
793 498 927 585 regionis
950 501 1114 567 monmuas
1136 501 1169 567 et
1191 499 1347 584 ennepius
1363 499 1519 584 emens

335 601 391 666 bus
413 603 463 668 vel
486 603 628 670 arborum
652 603 806 670 radicibus
827 602 919 690 longe
941 603 1063 687 lateque
1084 605 1267 672 instratum:
1296 604 1394 687 copiose
1415 605 1522 670 obscuri

334 705 367 769 in
383 705 497 790 Vogesi
512 708 545 772 et
559 706 798 792 sylvaenigree
813 707 984 788 altioribus,
1006 709 1038 773 in
1054 708 1225 792 subalpinis
1240 709 1436 792 Pyreucmm
1450 707 1525 772 iloto

335 809 408 888 tiae,
433 810 566 893 Tpuolis,
590 811 811 896 Salisburgiee‚
833 811 943 879 Italiae
966 812 1149 896 superioris,
1172 815 1205 880 et
1226 813 1257 878 iu
1278 811 1411 898 splmticts
1427 812 1526 876 iumen

335 911 392 979 bus
416 913 512 980 totius
535 914 754 984 Smndiuavice
781 935 877 1002 usque
901 915 933 982 iu
954 917 1184 996 Finmerkiam;
1213 937 1314 986 rerum
1333 919 1361 984 iu
1378 917 1499 982 usuum
1512 919 1530 984 el

334 1017 432 1085 adhuc
454 1018 630 1103 plerumque
652 1022 777 1101 sterile,
799 1021 832 1087 in
854 1021 975 1088 Scotiee
998 1023 1095 1089 occec
1118 1023 1310 1106 Moontcins,
1330 1023 1358 1087 et
1376 1021 1409 1088 si
1428 1019 1528 1086 liecurt

333 1139 427 1204 prope
458 1121 627 1190 &lauder
662 1125 870 1191 observatum.
914 1125 1015 1192 Multo
1052 1127 1154 1192 miuus
1190 1127 1308 1210 copiose
1341 1124 1451 1192 occurrit
1477 1137 1530 1220 quo

335 1225 379 1291 Η.
402 1229 578 1314 splendens,
601 1231 633 1296 et
654 1249 809 1314 nunquam
831 1229 911 1297 infra
932 1231 1090 1316 regionem
1112 1233 1290 1299 molucam
1310 1229 1474 1314 superiorem
1529 1229 1530 1322 ᾖ

421 1331 532 1398 Fract.
555 1341 672 1401 matur.
695 1333 814 1415 hyeme.

419 1461 546 1521 Medium
579 1464 661 1522 tenet
692 1464 769 1522 inter
791 1462 830 1522 Η.
851 1464 1004 1540 splendens
1025 1465 1055 1523 et
1077 1463 1115 1523 H.
1139 1464 1358 1538 amoenam,
1384 1461 1457 1521 lonc
1502 1460 1505 1468 '

332 1547 497 1621 robustum,
530 1550 567 1609 ab
595 1550 645 1610 illo
673 1551 777 1610 habitu
810 1551 888 1610 baud
919 1551 1296 1626 explanato-contabulato,
1327 1549 1412 1610 colore
1430 1550 1511 1606 obern

334 1635 426 1708 primo
450 1637 513 1695 visu
537 1637 716 1696 distinctum.

732 1844 763 1901 8.
791 1843 1038 1914 nytoocmium
1060 1843 1208 1903 onesii

754 1968 870 2028 Sunurv.
884 1968 914 2027 in
930 1967 1013 2027 (laur
1029 1968 1107 2028 blan
1122 1969 1188 2028 Bet.

420 2093 577 2177 Oeespites
599 2095 725 2163 demissi
748 2099 798 2166 uel
812 2099 1022 2184 turgescentes
1037 2095 1346 2165 lntesocnti-virites.
1374 2095 1477 2162 Plauto

332 2199 404 2276 tior,
426 2199 672 2267 innovationibus
696 2202 838 2285 repetitis
862 2203 978 2286 plmies
1001 2205 1138 2280 arcuata,
1160 2205 1281 2268 remote
1296 2205 1330 2270 et
1345 2196 1525 2284 simplicite

332 2305 587 2385 nato-ramulosa,
610 2307 737 2373 ramulis
760 2307 829 2390 plus
844 2308 948 2374 miuus
963 2307 1129 2392 elongatis,
1152 2306 1346 2374 breuioribus
1360 2307 1491 2374 moratis

333 2409 419 2490 ruric,
442 2410 646 2496 paraphylliis
667 2411 838 2477 numerosis
860 2411 1080 2494 multipartitis
1102 2411 1223 2477 villoso.
1268 2409 1362 2478 Folia
1384 2410 1453 2476 iuno
1496 2409 1499 2418 '

332 2513 478 2580 inferiora
499 2514 775 2582 rotundato-cunta
797 2515 1069 2599 breui-spiculata,
1100 2515 1260 2599 sequeutia
1283 2513 1352 2581 late
1374 2513 1509 2580 evaue'

333 2616 434 2685 subito
455 2618 580 2686 brevius
602 2618 763 2704 lougiusue
787 2619 960 2703 spiculata,
989 2619 1146 2703 superiora
1167 2619 1303 2704 oblonga
1325 2618 1420 2705 louge

332 2723 493 2788 ramulinis
515 2723 638 2804 similia,
661 2726 764 2792 omnia
784 2725 901 2807 pluries
922 2725 1052 2805 sulcata,
1075 2723 1209 2790 breuiter
1232 2721 1395 2790 bioostutu
1418 2712 1463 2790 'uel
1487 2723 1505 2786 l

332 2827 517 2907 uuicostats
539 2829 680 2914 margine
701 2829 822 2908 rebem,
845 2847 862 2895 e
884 2827 985 2896 medio
1006 2828 1045 2894 acl
1068 2827 1184 2911 apicem
1206 2829 1332 2893 scrrsta
1355 2827 1409 2896 rel
1423 2845 1511 2914 gron

333 2932 422 3011 tate,
445 2932 727 3013 sericeo-nitentia,
761 2931 964 3018 pnrephylliis
993 2931 1135 2998 mammis
1157 2931 1205 2998 bi·
1227 2931 1259 2998 et
1282 2931 1475 3018 tripinnato·

332 3035 439 3102 Floras
462 3035 590 3102 musculi
614 3035 1095 3121 subsquarroso·gemmiiormss;
1126 3033 1248 3101 feminei
1271 3053 1411 3118 superus
1432 3035 1513 3103 brer

333 3140 498 3225 squamosi,
522 3141 604 3207 foliis
626 3141 820 3208 inferioribus
843 3139 1059 3219 subrotundis‚
1082 3138 1288 3224 superioribus
1312 3137 1514 3208 cbomtocb

333 3265 370 3314 ex
391 3246 521 3329 abrupte
543 3247 634 3332 louge
656 3247 819 3331 spiculatis
840 3248 873 3314 et
894 3245 1038 3322 recurvis,
1061 3264 1156 3329 usquc
1178 3243 1217 3311 ud
1238 3244 1332 3312 basin
1349 3245 1418 3314 iere
1433 3260 1519 3332 ungue

333 3350 420 3416 retis.
465 3350 650 3418 Perichuetii
673 3351 835 3436 majusculi
856 3350 1012 3434 squamosi
1034 3349 1107 3417 folin
1129 3349 1252 3416 interne
1273 3349 1517 3438 subuagiunnt'u.

332 3457 425 3541 guete
447 3455 632 3522 acuminata.
677 3455 811 3542 Oapsula
832 3455 972 3522 solitarie
994 3454 1114 3540 turgide
1135 3457 1247 3534 ousta,
1281 3455 1500 3525 horizontalis.

333 3559 483 3638 brumen,
514 3559 648 3642 operculi
679 3560 742 3626 alte
763 3559 948 3626 mamillaris
978 3558 1094 3643 pupilla
1126 3557 1305 3626 rulo-badia
1326 3559 1407 3644 plus
1431 3561 1513 3626 minu

332 3663 426 3729 ducta
462 3665 495 3728 et
530 3664 668 3729 curnula.
713 3663 934 3731 Peristomium
972 3663 1191 3748 praecedentis.
1244 3663 1358 3750 Bryol.
1396 3687 1462 3734 eur.
1492 3665 1530 3752 lu

334 3765 411 3832 Tab.
434 3764 497 3833 489
521 3766 581 3849 (Η.
603 3765 823 3853 fimbriatum).
1529 3779 1530 3792 ²

335 3886 490 3972 Hypeum
508 3885 634 3954 Outeeii
656 3887 831 3956 Suumvlsr
853 3889 885 3954 in
908 3885 1146 3956 Gerellanum
1169 3887 1204 3953 oi
1220 3887 1346 3974 Botauy
1373 3909 1408 3974 p.
1426 3881 1530 3968 bibuli

443 3993 476 4058 et
496 3991 528 4056 in
551 3992 644 4059 Mem.
668 3993 801 4060 Americ.
824 3993 921 4061 Aoed.
945 3991 979 4061 oi
998 3993 1073 4060 Arts
1096 3990 1154 4058 und
1177 3989 1320 4059 Menoec
1344 3995 1416 4062 rol.
1441 3993 1493 4071 ll.
1516 3979 1530 4072 tl

443 4115 472 4178 p.
500 4095 570 4176 173,
592 4099 617 4162 t.
641 4099 678 4175 ὃς
702 4117 718 4164 e
741 4097 866 4182 specim.
889 4097 1040 4164 auctoris!

378 4197 412 4264 0.
428 4199 563 4265 Mutuus
582 4199 713 4286 Synops.
757 4201 878 4268 wiser
900 4201 1004 4288 Bryol.
1027 4201 1107 4268 Brit.

336 4319 556 4406 Hylonomium
580 4319 706 4388 Ookceo'i
727 4320 800 4389 Scis.
825 4321 938 4390 Coroll

336 4423 490 4512 Hypnum
518 4423 713 4508 fimbriatum
744 4426 869 4494 Heneti.
901 4425 1014 4495 skulu.
1044 4423 1093 4492 ll.
1123 4423 1215 4492 cib
1245 4423 1375 4512 (1849).
1435 4425 1517 4496 ul

337 4527 768 4716 Hfimsssssff'fimffimm
790 4634 850 4700 Ba.
872 4635 905 4700 et
926 4633 1001 4702 Son.
1025 4633 1129 4720 Bryol.
1150 4651 1215 4700 cur.
1529 4651 1530 4718 l
