3208 5214
579 260 748 316 Weisineeae.

443 497 495 553 10.
527 494 715 551 Dieranum
736 495 886 553 fulvum.

513 609 606 668 Hoor.
629 611 719 669 Musc.
743 613 819 670 erot.

142 737 276 820 caespites
301 739 360 803 lari
383 741 494 805 molles
516 739 670 808 olivaceo-
693 743 742 808 vel
764 744 998 810 laete-virides.
1044 743 1149 809 Cauiis
1175 743 1303 821 solidus,

83 841 242 921 becobeno,
268 843 354 908 uncia
376 845 426 908 uir
448 845 542 909 altior
564 845 614 910 uel
644 846 806 914 biuucialis
829 849 955 930 basique
976 847 1168 913 decumbens.
1213 845 1302 912 Folia

82 941 318 1028 lanoso-patentia
338 951 370 1014 et
393 949 665 1028 falcato-secunda,
693 952 725 1015 in
754 953 851 1017 caulis
881 952 967 1034 apice
994 951 1166 1030 comantia,
1199 948 1305 1015 abasi

83 1042 210 1115 lanomlata
229 1051 257 1116 in
279 1052 421 1118 subulam
444 1053 658 1137 longissimam
687 1055 923 1122 canaliculatam
953 1055 1039 1140 apice
1068 1056 1230 1121 dentatam
1251 1072 1303 1119 ex·

83 1151 170 1230 eunte,
193 1155 247 1221 iate
266 1157 402 1234 castata,
434 1176 544 1240 opaea,
576 1157 715 1225 siccitate
746 1159 891 1244 crispata.
937 1160 1069 1242 Capsula
1099 1158 1132 1224 iu
1157 1157 1304 1241 pedioello

82 1251 181 1322 breuiore
192 1259 287 1326 stricto
302 1260 497 1340 flavescente,
514 1263 806 1349 oboram-elongata
822 1267 854 1330 et
869 1265 1072 1349 cylindracen,
1086 1265 1182 1342 lusca,
1203 1262 1305 1330 aetate

81 1357 207 1440 menone,
232 1367 356 1449 auguste
380 1367 540 1432 annulata.
585 1367 762 1434 Peristomii
790 1369 896 1434 dentes
924 1369 1068 1444 minores,
1095 1364 1305 1452 irregulariter

80 1463 174 1539 mnan.
210 1467 305 1552 Bryol.
327 1489 395 1537 eur.
429 1471 500 1537 Vol.
518 1473 543 1549 Ι,
565 1472 642 1538 Tab.
658 1471 709 1538 69.
754 1473 951 1556 (Dioroaom
973 1474 1213 1558 interruptum.)

80 1582 217 1652 bleranam
236 1591 355 1672 suanm
380 1594 470 1659 cante
493 1595 638 1677 elongato
653 1597 753 1660 erecto
768 1613 899 1673 ramoso,
923 1593 1005 1661 toliis
1028 1593 1158 1676 undique
1180 1591 1305 1659 insertis

157 1693 480 1764 unmnmsnbulatis
503 1698 713 1782 integerrimis
736 1698 878 1766 concavis
901 1697 1043 1764 flexuosis
1066 1697 1207 1764 siccitate
1229 1696 1306 1762 erie-

156 1798 241 1878 petis,
260 1821 348 1868 nervo
373 1821 497 1880 crasso,
520 1802 788 1885 periobaetinlibus
811 1802 1029 1886 raginantibus
1052 1801 1205 1880 arietatio,
1239 1801 1306 1866 seta

155 1903 337 1984 brevissume,
368 1906 499 1989 capsula
526 1906 672 1991 oblonga,
706 1906 897 1990 cylindracea
925 1906 1036 1972 erecta.
1081 1906 1183 1970 Hoorr.
1207 1904 1304 1972 Muac.

154 2009 220 2072 erot
240 2010 310 2076 Tab.
334 2010 474 2077 CXLIX„
522 2011 570 2075 De
592 2011 711 2077 Norae.
735 2011 815 2092 Itpil.

76 2121 217 2192 Dieronnnc
236 2133 449 2219 iatermcptum
473 2133 605 2213 (Bam),
632 2133 690 2197 Be.
713 2133 745 2198 et
767 2131 840 2198 Son.
862 2130 968 2215 Bryol.
991 2150 1056 2196 eur.

136 2247 226 2316 Habe.
246 2253 283 2318 ad
305 2272 385 2319 sara
405 2254 549 2320 arenaria
573 2253 622 2319 vel
644 2251 797 2338 granitioa
819 2253 964 2319 umbrosa
979 2249 1139 2333 praecipue
1161 2250 1194 2316 in
1209 2250 1307 2334 sylvis

71 2345 183 2430 semaeias
203 2354 230 2419 in
250 2356 370 2443 Vogeso
394 2360 426 2424 et
449 2358 480 2423 in
504 2357 705 2442 Sylva-nigra
728 2355 882 2424 arenaoeie
905 2355 988 2421 haud
1010 2373 1131 2432 rarum,
1153 2354 1185 2418 in
1200 2355 1308 2440 lyroli

68 2452 222 2524 meridionali
250 2479 343 2544 prope
368 2461 486 2526 Meroe
515 2461 772 2528 obmutesceres
800 2460 896 2544 legit,
929 2458 960 2524 in
990 2459 1115 2542 rupibus
1145 2459 1308 2544 graaitieis

68 2557 177 2624 anaticis
204 2582 290 2646 prope
324 2565 423 2630 Tbnn
445 2567 498 2650 (ol.
521 2565 842 2646 Frsoaaa-Oosrsnn
858 2582 950 2646 prope
986 2564 1152 2630 Uenereeen
1183 2563 1307 2629 Helvet.

67 2657 129 2724 born
147 2667 192 2747 (cl.
212 2669 336 2756 Burrr).
386 2672 420 2734 In
445 2669 589 2736 Amerina
611 2671 758 2752 septent.‚
788 2668 839 2734 ubi
871 2668 902 2733 in
925 2668 1013 2733 Noua
1036 2667 1142 2733 Sootia
1163 2667 1307 2733 Maurus

66 2769 370 2960 tnfflffiffiffi'
402 2775 480 2840 setis
510 2793 671 2840 oommnne
693 2774 724 2839 et
746 2773 872 2855 pulchre
898 2772 1086 2838 fructificans
1110 2770 1307 2856 (Sunurvaur,

132 2992 224 3062 Fruct.
247 3007 366 3064 maner.
391 2997 572 3080 Septembri.
618 2999 746 3064 Fructus
770 2997 869 3063 rarius
893 2997 1085 3081 proueniunt.

117 3123 199 3219 ¹(lotor
220 3127 406 3188 atro-viridis
428 3127 459 3186 in
482 3127 594 3202 plantis
617 3127 754 3188 emortuis
776 3127 806 3186 in
822 3126 933 3186 fulvum
949 3125 1082 3196 uertitur,
1105 3124 1181 3184 unde
1203 3141 1307 3185 nomen

63 3219 151 3274 specum

129 3313 278 3376 idcrmaam
301 3321 499 3392 interruptam
515 3319 659 3388 Beroeam,
682 3320 715 3376 ut
737 3338 752 3378 e
774 3316 981 3392 speciminibus
1004 3315 1182 3376 authenticis
1205 3314 1307 3386 elucet,

60 3393 97 3538 {tilii
111 3397 177 3461 aliod
204 3407 249 3464 est
278 3423 369 3481 quam
392 3406 581 3465 Dtoroneltoe
606 3405 809 3463 totesomolloe
837 3404 932 3463 torma
960 3404 1113 3478 elongata,
1144 3401 1307 3476 interrupte

69 3503 82 3536 o
98 3501 147 3543 osa

407 3633 454 3688 11.
491 3630 679 3687 Dioranum
701 3631 926 3689 scotticam

508 3752 629 3811 Touana
650 3753 740 3811 Musa.
762 3751 831 3810 Hib.

125 3877 273 3965 Caeapites
289 3882 474 3950 condensati
489 3902 506 3948 e
520 3883 611 3949 uiridi
627 3883 840 3950 luscescentes.
874 3880 977 3947 Cauiis
994 3881 1122 3958 erectus,
1144 3877 1307 3958 robustior,

58 3976 122 4044 btrs
140 3985 280 4052 &tulis
306 3986 489 4054 adventitiis
511 3987 692 4074 ferrugineis
717 3987 854 4053 obrutus.
892 3985 979 4051 Folia
1007 3983 1143 4068 patentia
1171 3985 1203 4049 et
1234 3983 1307 4049 sub·

56 4087 169 4165 sblodo,
191 4091 338 4158 siccitate
353 4093 440 4174 apice
454 4090 597 4170 flexuosa,
620 4091 785 4168 subnitida‚
808 4090 893 4172 apice
908 4087 1117 4172 integerrima,
1139 4085 1202 4153 illis
1217 4104 1308 4168 prae-

53 4183 164 4258 scientis
185 4193 301 4277 speciei
326 4195 417 4277 paulo
439 4194 588 4272 breviora,
611 4195 697 4260 costa
719 4192 867 4260 crassiore
882 4192 1059 4275 angustiore
1081 4191 1240 4257 eamdente
1262 4188 1308 4256 in·

52 4289 158 4360 structa,
200 4297 342 4380 capsula
365 4299 396 4362 in
418 4297 564 4380 pediceilo
587 4298 725 4382 longiore
747 4297 1036 4380 ovato-elongata,
1069 4295 1148 4361 collo
1171 4294 1308 4379 longiore

48 4397 165 4478 saeue,
187 4401 331 4490 scitella,
353 4403 493 4477 estriata,
515 4401 713 4468 microstoma
728 4402 809 4468 band
824 4419 894 4466 raro
910 4399 1100 4465 subinonrua.
1131 4397 1308 4466 Peristomii

48 4495 136 4566 dentes
158 4505 317 4572 meriorcs
340 4505 511 4590 subintegri
533 4505 583 4571 rel
605 4506 669 4571 solo
692 4503 777 4586 apice
800 4503 913 4586 pallido
937 4502 983 4568 bi·
1006 4502 1038 4568 et
1059 4500 1166 4566 trifidi.
1204 4501 1308 4583 Bryol.

44 4621 98 4668 eur.
128 4606 195 4674 Vol
213 4609 239 4688 1,
262 4608 344 4674 Tab.
360 4609 412 4674 70.
