3022 5230
465 259 663 320 summm
1144 265 1207 335 285

23 435 94 514 nina,
113 456 128 502 e
148 435 208 504 basi
229 437 405 507 imbricante
427 441 545 524 patula,
567 438 727 523 breuipila.
757 439 942 514 Antheridia
964 440 1113 528 perigenii
1129 441 1210 508 foliis

23 539 88 604 emis
106 541 244 609 arillaros.
289 542 421 627 Oapsnla
444 563 621 628 emergens,
643 563 704 610 nna
726 562 795 609 cum
818 544 897 611 collo
921 545 1011 627 paulo
1034 545 1211 630 angustiore

23 645 225 728 oran-globosa,
245 647 355 714 oflaro
369 648 552 727 inarescens,
567 667 617 714 ore
632 648 878 731 rufo-purpureo.
909 648 1094 731 Opcrcnlum
1109 651 1211 729 breve,

23 745 81 828 lique
97 751 228 820 conicum.
270 754 459 839 Bryol.·eur.
483 752 551 819 Vol.
567 754 627 832 III,
650 751 726 818 Tali.
750 751 823 818 274.

23 879 197 950 praeconum
217 876 349 941 imbute
371 875 471 943 Smne
493 874 584 961 Engl.
608 875 680 940 Boi.
704 875 729 940 t.
753 873 849 942 223⁷.

23 971 146 1041 imnum
174 979 300 1046 imberba
330 980 418 1045 Naro
441 981 472 1046 et
493 980 655 1046 Honuson.
679 978 786 1062 Bryol.
809 996 905 1063 germ.
932 979 964 1044 et
992 980 1083 1046 Bam.
1108 980 1212 1066 Bryol.

71 1081 138 1146 unis.
156 1087 218 1168 (pro
240 1085 353 1170 parte).

23 1179 167 1266 mopiam
188 1188 329 1253 cilinium
353 1206 417 1254 var.
440 1187 600 1270 rufescere
623 1187 733 1253 Wnnx.
758 1189 896 1254 Αιιιιοιι.

23 1279 175 1368 mundium
201 1292 336 1358 incerte
364 1292 422 1356 Ba.
456 1293 488 1357 et
516 1290 588 1358 Sca.
623 1291 729 1375 Brpol.
762 1311 825 1358 eur.
870 1293 996 1358 Ηιιιιιι.
1028 1292 1141 1362 Skand.
1164 1293 1212 1359 m.
1244 1317 1254 1331 ⁸

72 1388 180 1460 Wnson
197 1395 301 1479 Bryol.
327 1397 408 1461 Brit.

23 1487 99 1556 ictuc
116 1498 247 1565 imberbis
269 1499 303 1568 O.
329 1499 466 1565 Muenna
488 1499 617 1584 Spnops.

57 1613 141 1683 nee.
160 1620 189 1685 in
210 1622 335 1705 rupium
356 1623 506 1688 lateribus
528 1621 694 1705 obliquatis
716 1623 850 1708 regionis
872 1625 1054 1707 campestris
1071 1627 1104 1692 et
1119 1626 1214 1691 inira·

23 1711 82 1794 puae
97 1740 175 1789 zonae
195 1725 419 1806 meridionalis,
442 1725 641 1792 intermediae
663 1727 695 1791 et
717 1726 980 1808 septentrionalis:
1015 1730 1047 1793 in
1068 1729 1216 1795 Hibernia

23 1835 61 1899 0le
73 1823 233 1912 Glauci-iffi
255 1830 309 1896 ubi
326 1830 451 1896 domina
466 1830 628 1894 Hurcmus
649 1829 749 1912 prima
764 1830 852 1915 legit,
875 1832 914 1896 ad
930 1833 1036 1913 pedem
1052 1851 1093 1898 m.
1111 1833 1216 1899 seuw-

23 1943 51 1996 n,
72 1943 146 2012 prope
166 1933 350 2020 Beddpelcrt
378 1934 411 1999 et
434 1933 595 1998 Huuwmt
627 1931 872 2001 Cambroralliae
902 1935 1045 2019 (Wnsou
1075 1939 1107 2003 et
1128 1937 1217 2020 ipso),

35 2045 87 2108 rope
102 2031 236 2104 bernice
258 2056 356 2121 prope
379 2037 539 2122 Bopolrce
563 2039 601 2103 de
623 2037 758 2122 Biporre
780 2038 813 2103 et
835 2039 867 2103 in
888 2039 968 2103 valle
989 2040 1027 2104 dc
1043 2039 1111 2124 hys
1125 2058 1219 2122 prope

23 2133 113 2210 uoces
130 2139 163 2202 de
175 2139 304 2207 noum
321 2141 548 2225 Pyrenaeorum
564 2140 738 2224 (Perimes,
753 2141 903 2227 Srauoe);
926 2141 958 2206 in
974 2141 1076 2209 insula
1092 2129 1219 2209 Oetaeo

23 2237 139 2305 nuntiae
158 2243 300 2329 (Bnrm);
338 2245 379 2310 ad
408 2264 474 2328 rup.
505 2244 620 2330 granit
654 2263 700 2328 pr.
730 2245 857 2331 Vapoey
879 2245 993 2332 Vogesi
1025 2266 1091 2331 sup.
1124 2248 1218 2316 occid.

23 2353 49 2400 m
66 2341 190 2432 Boium).

57 2443 141 2514 Fruar.
161 2461 272 2518 mutar.
296 2471 380 2519 rere.

56 2555 371 2642 mensurarentur
393 2564 492 2622 ciliotu
514 2565 634 2641 manao,
657 2583 722 2624 cum
737 2583 795 2640 qua
811 2568 946 2627 auctores
960 2568 1045 2626 multi
1061 2555 1220 2630 confunde·
1364 2612 1370 2619 -

23 2646 55 2706 1¹1,
75 2649 139 2706 nolo
158 2652 343 2724 stoloniforo,
373 2651 451 2710 foliis
473 2667 487 2709 e
510 2649 589 2710 luteo
612 2652 765 2724 uiridibus,
794 2654 926 2714 siccitate
949 2657 1028 2714 arete
1050 2655 1221 2727 imbricatis

23 2721 142 2809 imitus,
161 2740 278 2815 capsula
300 2738 422 2815 longine
444 2737 627 2812 pedicollata,
650 2740 784 2815 calyptra
808 2741 907 2800 biloba
930 2743 959 2800 et
982 2742 1192 2802 subcucullata.

417 2959 495 3037 Gen
522 2961 554 3038 3.
594 2959 751 3039 Braunia.

377 3105 430 3163 Bu
459 3106 489 3163 st
511 3104 577 3164 Son.
604 3104 703 3194 Bryol.
731 3121 790 3164 eur.

55 3243 163 3317 Plantae
182 3254 274 3340 longe
298 3253 424 3335 lateque
445 3253 660 3336 caespitantes,
682 3269 760 3336 rago
783 3270 930 3332 ramosae,
955 3252 1092 3318 stolones
1113 3250 1225 3318 micro-

23 3347 79 3426 pla
97 3357 259 3425 retinentes
282 3357 484 3443 proferentes,
508 3359 611 3423 aetate
633 3355 777 3422 radiculis
793 3356 970 3422 destitutae.
1000 3355 1089 3420 Folia
1104 3355 1226 3420 hetero-

23 3449 60 3516 llls
76 3461 101 3522 et
119 3461 315 3541 luomomalla,
340 3460 436 3545 quood
458 3461 599 3540 formam,
622 3460 870 3527 reticulationem
892 3461 924 3526 et
947 3458 1138 3542 superficiem
1160 3458 1225 3524 illis

23 3561 152 3632 emolu
173 3569 298 3654 generis
323 3567 428 3633 exacte
450 3565 574 3631 similia.
605 3564 710 3630 Floras
735 3563 865 3630 monoici
889 3563 975 3630 etin
998 3563 1104 3630 eadem
1117 3564 1227 3647 planta

23 3661 138 3732 mmles
160 3672 190 3736 et
211 3669 398 3749 biseruales,
421 3669 553 3736 masenii
574 3668 607 3733 in
622 3669 749 3734 ramulis
766 3667 908 3734 brevibus
923 3666 1079 3745 laterales,
1103 3665 1227 3733 feminei

23 3761 64 3830 ino
89 3771 114 3837 in
141 3777 225 3842 caule
254 3773 406 3859 primario
438 3775 469 3840 et
498 3774 532 3839 in
553 3772 802 3838 innovationibus
825 3771 1014 3839 abbreviatis
1037 3770 1227 3850 terminales,

23 3867 56 3932 lle
77 3873 226 3947 innovante
249 3881 291 3946 ad
313 3879 400 3944 latus
422 3876 534 3962 dejecti
556 3877 602 3943 ita
623 3878 659 3942 nt
682 3877 870 3960 perichaetia
892 3875 1035 3942 lateralia
1057 3875 1228 3942 rideantur.

23 3977 91 4050 lille
117 3982 144 4048 in
166 3984 318 4068 pedicello
340 3984 434 4066 longo
456 3979 776 4066 elongato-elliptiea,
805 3980 956 4066 regularis
980 3981 1012 4046 et
1035 3980 1229 4056 subincurre,

23 4071 166 4168 mumma,
202 4087 282 4154 collo
321 4085 630 4152 obconico-defluente
659 4083 759 4150 rarius
789 4083 991 4169 subglobosa,
1023 4083 1101 4150 eollo
1134 4081 1229 4160 brevi,

23 4189 164 4260 ‘llercolata
184 4195 403 4260 macrostoma.
449 4189 598 4274 Calpptra
617 4188 788 4273 majuscula
808 4187 972 4268 cucullata,
995 4187 1074 4253 inira
1097 4187 1230 4254 medinm

35 4305 105 4373 esque
125 4295 161 4362 ae
184 4297 272 4363 basin
295 4296 439 4380 capsulae
461 4294 618 4377 producta,
640 4291 841 4376 longirostra,
863 4291 973 4370 laevis,
995 4289 1089 4358 tirsoa

23 4407 125 4495 occipio
145 4417 260 4483 Κιιιιιιι
283 4417 315 4482 in
336 4417 434 4500 plant.
456 4413 658 4491 Hnmboldt.;
681 4413 782 4478 Ηοοιι.
804 4411 902 4478 Musc.
926 4412 1006 4478 erot.
1037 4410 1085 4475 De
1107 4409 1230 4476 Norin.

23 4521 204 4604 oenengium
226 4521 318 4586 Bam.
356 4518 500 4586 Neckero
522 4516 556 4583 0.
579 4516 684 4582 Mens.

58 4617 146 4690 Genus
166 4623 452 4702 dmtinctmsimnm,
482 4640 499 4687 e
522 4619 678 4704 speciebus
701 4617 909 4703 compluribus
932 4616 1021 4685 valde
1048 4614 1233 4699 consangui-
