3290 5214
662 313 835 372 lnbodnetlo.
1255 304 1384 364 mvn

101 497 220 572 tontes,
250 491 287 556 ut
311 491 531 576 Hytocome'um
553 491 685 572 loreum,
713 490 912 566 umbratam,
938 485 1112 553 Tboids'am
1133 483 1383 566 mascelinum,

105 595 323 678 susachim
353 595 596 680 coespinrlcscc,
627 594 648 660 i.
670 613 697 660 e.
721 593 907 676 caespitulos
929 591 1112 675 irregulares
1136 585 1318 665 efficientes,
1347 588 1385 652 ut

103 699 293 778 mildredae,
326 697 528 764 Ptmridinm
549 697 747 778 schalmum,
776 696 939 778 Brachia,
962 695 1106 761 Barbula
1129 692 1293 777 monn,
1324 689 1384 755 Or·

103 799 271 865 limmata.

186 903 291 968 Musei
322 903 466 986 pulvillos
491 900 713 968 constituentes
730 902 893 987 pedam·
914 901 1133 977 nominantur,
1166 899 1201 964 ut
1224 898 1386 962 Grimmic

102 1008 281 1090 ρυὶυίηατα,
304 1007 505 1088 orbicularis,
522 1005 715 1071 Coscinodcn
730 1006 927 1091 pulviculus,
943 1003 1189 1088 Ampbcride‘um
1207 1001 1384 1086 Mmcpeotic',

107 1111 204 1176 llreas
244 1111 423 1176 Martiano.
477 1111 555 1176 Cum
593 1111 715 1194 pulvilli
751 1109 956 1176 extenduntur
992 1107 1143 1190 caespites
1181 1107 1384 1172 tumescentes

106 1213 288 1290 eliduntur,
312 1233 383 1280 cnm
407 1214 438 1278 hi
462 1213 687 1280 contrahuntur
708 1213 831 1296 pulvilli
854 1212 1074 1289 ellormeutur,
1097 1209 1149 1293 qui
1171 1211 1330 1292 praecipue
1351 1210 1383 1274 iu
1422 1259 1424 1264 .

106 1317 165 1380 illis
188 1319 351 1398 speciebus
372 1317 584 1399 reperiuntur,
618 1335 694 1399 quiae
723 1315 971 1382 innovationibus
1001 1314 1139 1398 repetitis
1161 1313 1384 1380 ramificatioue

106 1421 216 1502 pluries
236 1421 415 1486 diehctcma
437 1439 505 1488 sese
528 1420 704 1486 extendunt.
749 1421 880 1487 Plantae
903 1419 1042 1503 singulae
1064 1419 1095 1484 iu
1111 1417 1259 1501 pulvillis,
1282 1418 1383 1485 rarius

107 1522 136 1587 in
157 1524 364 1606 caespitibus,
387 1524 510 1607 agmine
532 1523 607 1590 adeo
630 1523 723 1589 denso
746 1543 812 1590 sese
833 1525 975 1606 premunt
997 1523 1192 1605 lomentoque
1214 1522 1384 1589 radiculoso

107 1645 123 1691 e
142 1627 295 1693 radicibus
311 1626 492 1693 adventitiis
508 1628 577 1692 orto
592 1628 656 1694 tam
673 1630 757 1693 arcte
780 1646 845 1693 sese
867 1627 1051 1692 connectunt
1073 1627 1107 1692 ut
1128 1645 1237 1710 aegre,
1260 1627 1292 1691 et
1312 1645 1384 1693 raro

107 1731 168 1795 siue
189 1731 330 1813 ipsarum
352 1731 531 1813 plantarum
554 1731 698 1807 laesione,
721 1730 877 1796 individua
899 1729 1023 1814 singula
1044 1730 1187 1795 extricari
1210 1729 1340 1811 possint.

525 1911 551 1982 9.
575 1912 603 1970 2.
640 1912 682 1972 De
706 1913 870 1972 blascorum
892 1913 968 1972 sede.

187 2041 288 2108 Omne
303 2041 367 2108 lere
391 2041 501 2118 solum,
524 2059 729 2124 quaecumque
752 2041 795 2107 sit
817 2061 873 2107 sua
888 2043 1008 2122 natura,
1031 2043 1134 2109 omnia
1150 2059 1286 2122 corpora,
1309 2057 1387 2121 quae

107 2145 261 2226 superficie
284 2145 395 2209 scabra
415 2145 465 2211 vel
488 2145 633 2210 lacunosa
647 2145 787 2227 praedita
804 2146 886 2224 sunt,
910 2146 940 2210 iu
957 2147 1042 2230 cujus
1058 2146 1145 2211 rinus
1161 2146 1209 2211 vel
1226 2142 1386 2210 foramini-

105 2248 159 2312 bus
190 2251 277 2313 terra
309 2247 443 2312 volitans
474 2247 582 2331 colligi
609 2250 642 2313 et
663 2251 789 2315 retineri
810 2250 930 2333 possit,
964 2251 1050 2315 sedes
1072 2250 1244 2315 commodas
1268 2245 1385 2312 Muscis

105 2351 270 2432 praebent,
306 2348 335 2414 si
357 2353 462 2416 tamen
487 2351 613 2416 humore
635 2352 766 2434 quodam
789 2371 849 2418 nou
873 2371 997 2435 prorsus
1019 2354 1152 2420 careant.
1196 2353 1277 2417 Hinc
1298 2351 1386 2418 nulla

106 2457 152 2518 est
173 2454 352 2537 plantarum
375 2453 504 2530 familia,
528 2455 575 2519 cui
597 2456 663 2522 mm
685 2459 793 2522 vastus
816 2456 855 2522 ad
877 2457 975 2523 vitam
998 2457 1167 2542 degendam
1191 2455 1385 2538 sobolemque

105 2557 323 2640 procreandam
344 2575 471 2639 campus
494 2559 610 2638 patent.
655 2558 689 2625 si
712 2579 731 2626 a
754 2578 873 2626 summo
896 2561 1047 2627 montium
1071 2561 1227 2628 cacumine
1242 2560 1280 2627 ad
1296 2561 1385 2645 stag·

105 2679 209 2726 nomm
235 2662 419 2742 laeuumque
450 2661 534 2744 ripas
564 2662 774 2741 descenderis,
801 2663 912 2747 ubique
939 2665 1040 2731 Musei
1062 2665 1110 2730 vel
1134 2667 1249 2730 terram
1271 2665 1385 2730 undam

106 2765 151 2830 uel
172 2765 284 2830 duram
307 2783 413 2846 rupem
436 2765 603 2832 vestientes
625 2768 675 2832 rel
695 2767 768 2832 aliis
791 2769 964 2849 corporibus
987 2768 1152 2852 parasitico
1173 2767 1385 2834 inhabitantes

105 2867 160 2932 tibi
182 2871 356 2946 occurrunt,
380 2871 414 2934 et
435 2869 595 2936 miraberis
617 2871 697 2936 hauc
718 2889 811 2935 unam
833 2872 963 2939 classem
979 2875 1079 2939 totam
1095 2873 1157 2938 lere
1173 2873 1315 2938 naturam
1331 2891 1385 2936 sna

108 2971 221 3037 (libone
242 2973 417 3054 complecti.
462 2973 499 3036 ln
522 2973 744 3038 altissimomm
769 2974 921 3041 montium
942 2976 1036 3062 jugis,
1060 2995 1149 3058 saepe
1172 2995 1230 3042 nou
1246 2975 1385 3058 procula

106 3076 314 3140 cacuminibus
337 3078 462 3141 aeterna
484 3076 554 3142 nive
576 3076 820 3155 candicantibus,
853 3081 1024 3145 Androne
1046 3081 1107 3146 lere
1129 3099 1250 3157 omnes,
1279 3079 1386 3143 Grinn-

108 3181 185 3244 niae
206 3180 382 3255 nonnullae,
412 3179 515 3246 Vettio
536 3181 663 3264 niualis,
690 3181 900 3267 Tetraplcdon
917 3185 1104 3266 urceolatue,
1128 3182 1309 3248 Dieranom
1321 3182 1385 3264 sct-

106 3290 218 3363 mam,
242 3282 543 3363 marascalciam,
563 3283 664 3348 Oreos
680 3285 858 3367 Martiano,
877 3285 1095 3352 Conostomcm
1109 3287 1239 3368 boreale,
1263 3286 1386 3372 Bryusn

107 3385 267 3470 nanno
289 3403 354 3452 var.
369 3387 498 3471 procule,
523 3387 739 3472 Polyb-ictum
751 3389 960 3474 sccaupulure
975 3394 1006 3455 et
1023 3391 1221 3476 Poponetum
1242 3393 1387 3480 alpinum

104 3507 129 3552 a
150 3509 180 3554 a
210 3489 312 3555 vitam
339 3489 473 3572 gelidam
504 3491 638 3575 degunt3
672 3493 845 3558 Andreoae
866 3496 898 3558 et
922 3495 1099 3559 Gammae
1124 3495 1163 3560 ad
1191 3495 1272 3560 solas
1295 3515 1385 3579 rupes

105 3591 239 3670 siliceas,
270 3593 385 3658 caeteri
412 3593 444 3658 in
474 3596 558 3660 terra
584 3596 722 3662 humosa.
768 3597 870 3678 Rupes
900 3599 1083 3680 praeruptas
1110 3599 1142 3662 et
1164 3599 1232 3663 loca
1253 3601 1385 3681 petrosa,

104 3697 287 3776 praessum
311 3715 388 3780 qnae
410 3699 448 3764 ad
468 3699 709 3782 septentrionem
733 3702 884 3784 spectant,
907 3703 1175 3768 Rncomitriorum
1204 3721 1293 3786 gens,
1317 3723 1383 3770 cum

104 3801 207 3866 silicea
229 3801 315 3878 sint,
352 3801 609 3886 Hypncsecrcm,
640 3804 772 3870 eumad
802 3805 1001 3872 formationes
1025 3807 1178 3872 calcareas
1201 3807 1385 3888 pertineant,

104 3904 176 3970 latis
199 3905 389 3988 caespitibus
412 3907 549 3973 vestiunt
570 3908 749 3990 undamque
772 3927 877 3974 eorum
902 3909 1092 3991 superficiem
1109 3927 1236 3976 amoena
1250 3911 1383 3978 eolomm

104 4011 273 4076 vulatione
297 4011 483 4078 exhilarant.

187 4113 237 4178 Ad
261 4131 337 4178 sara
360 4113 482 4180 madida
504 4133 558 4197 per
579 4115 735 4200 regionem
759 4119 939 4184 mcumuam
959 4118 991 4181 et
1007 4115 1199 4199 subalpinam
1215 4117 1385 4202 granitienc

103 4215 148 4282 rel
171 4233 340 4282 areuaeeae
363 4217 590 4300 compositionis
614 4219 802 4285 Burtrume'c
820 4221 1025 4304 pcrnifermis
1040 4223 1073 4286 et
1090 4220 1291 4302 Heumann,
1315 4224 1384 4286 Aa·

103 4321 200 4384 creua
222 4321 384 4406 rupcstrs'e
405 4323 438 4386 et
456 4323 653 4408 patrophilo,
676 4323 905 4388 Ruccmitrium
923 4331 1108 4408 protensam
1130 4326 1163 4390 et
1183 4325 1384 4409 fascinatum,

104 4425 353 4509 Ampboridiam
376 4425 556 4508 Μοιιφιοίίἱ,
579 4426 712 4492 Bliade'o
734 4435 838 4508 amca,
861 4427 1016 4513 Hypatam
1032 4430 1243 4511 collicbrcum,
1270 4431 1384 4495 ilsene-

103 4531 187 4592 m'um
209 4529 417 4614 alopeciarum
440 4527 601 4607 habitant,
634 4531 673 4596 ad
695 4531 752 4598 illa
773 4532 928 4598 calcareas
950 4533 1181 4616 compositionis
1205 4533 1383 4618 Ecculyptu

101 4638 338 4718 areplmrpc,
362 4631 555 4714 quaesitam
578 4633 609 4698 in
631 4653 787 4702 murorum
810 4635 960 4702 mortario
983 4640 1114 4706 calcario
1136 4635 1275 4714 obvenit,
1300 4637 1383 4703 Bur·
