3022 5230
485 293 687 377 sruminassent.
1165 297 1228 374 353

18 473 224 546 uro-lctesoenti
245 481 411 548 insidentes
444 481 475 547 et
505 481 545 547 ab
570 501 605 548 eo
634 480 842 546 circumducti.
887 476 998 547 Oaules
1029 481 1137 548 molles
1168 481 1226 547 tri·

18 599 96 646 cures
121 585 149 649 et
170 585 385 664 semiunciales,
408 585 524 668 pallidi.
570 584 658 650 Folia
679 584 870 651 verticalitsr
895 585 1012 652 inserte
1033 585 1229 652 rhomboides

18 685 315 768 lonboideoareolata,
348 690 470 755 caetera
497 689 685 765 lanceolata,
723 687 825 754 omnia
857 705 948 771 parce
981 689 1230 773 chlorophyllosa

18 788 152 872 clusina,
182 792 260 859 sicca
282 813 395 876 aquam
418 794 548 859 maxime
571 792 777 859 abhorrentia.
821 791 973 874 (lapsulae
1003 793 1158 874 ellipticae
1179 793 1230 860 vel

18 892 152 975 ulglobome
172 898 346 978 operculum
366 898 483 963 luteum
504 897 840 981 rubro-marginatum,
872 895 1019 962 radiatim
1048 898 1229 977 accolatum,

18 997 87 1078 uirgo
97 998 237 1067 decedens.
268 1002 385 1084 Sporae
407 1002 551 1068 minimae
568 1001 617 1066 vix
639 1002 795 1082 'lroomm
811 1002 903 1067 diam.
921 1003 1093 1081 metientur,
1115 1000 1230 1067 laevis-

18 1097 77 1172 iure,
93 1101 271 1182 lutosomtes,
294 1104 474 1188 diophanae.
520 1105 623 1189 Bryol.
648 1124 709 1170 our.
733 1104 802 1170 Vol.
826 1104 885 1184 Ill,
909 1105 984 1171 Tab.
1009 1105 1083 1171 279.

18 1199 91 1267 leion
108 1209 360 1290 osmuodoceum,
383 1208 489 1275 fronde
511 1208 644 1291 simplici
665 1209 768 1274 erecta
790 1208 990 1291 pinnatifida‚
1014 1209 1099 1292 apice
1121 1208 1231 1274 fructi

79 1309 146 1388 lere,
174 1313 272 1394 pinnis
296 1312 441 1378 distichis
469 1313 649 1379 lanceolatis
673 1313 893 1396 integerrimis.
939 1315 1046 1379 Drors.
1069 1313 1156 1379 Fasc.
1180 1313 1229 1378 Pl.

78 1416 201 1496 cryptl,
222 1435 250 1498 p.
275 1417 307 1496 3,
332 1418 356 1482 t.
384 1417 411 1481 l.

18 1511 158 1602 lamarogna
178 1523 391 1586 osmundoeeo
414 1521 503 1585 Wua.
533 1522 565 1585 et
586 1521 684 1586 Mona
709 1522 779 1585 Bot.
803 1521 837 1584 Τ.
882 1521 969 1586 Nuus
1002 1523 1034 1587 et
1064 1522 1226 1588 Honnson.

77 1621 118 1685 Br.
137 1643 225 1706 germ.
258 1627 352 1690 sssrn.
369 1626 474 1709 Bryol.
491 1627 571 1690 univ.
617 1627 674 1690 Ba.
700 1628 729 1690 et
753 1625 825 1692 Son.
847 1626 953 1710 Brpol.
977 1643 1041 1692 eur.
1086 1625 1120 1692 Ο.
1137 1625 1229 1691 Mon·

79 1741 124 1788 cra
143 1726 266 1812 Synops.
314 1731 441 1795 Hrnru.
467 1729 579 1794 Skand.
602 1729 651 1794 ΕΙ.
695 1729 795 1794 Wrrs.
818 1729 922 1812 Bryol.
944 1729 996 1794 Br.

18 1827 209 1906 iporoootomum
230 1835 425 1900 osmundum
447 1832 546 1899 Slssufl
569 1833 616 1898 Fl.
640 1833 719 1898 Brit.
765 1833 857 1917 Engl.
882 1833 952 1898 Bet.

18 1927 206 2010 tpucodomom
223 1944 403 2022 pennatum
427 1936 748 2002 percussores.
772 1936 811 2000 ic.

65 2033 147 2103 Heln'l.
165 2039 196 2104 in
211 2039 400 2122 lapidicinis,
421 2039 634 2105 declivitatum
649 2039 835 2112 caritatibus
857 2039 1031 2122 cryptisque
1055 2058 1110 2123 per
1126 2041 1226 2106 lduro·

18 2151 54 2198 am
70 2141 173 2207 mediam
194 2147 289 2226 atque
313 2143 600 2224 septentrionalem:
628 2143 660 2206 in
683 2141 898 2227 Sylva-nigra,
921 2143 974 2208 ubi
996 2161 1088 2225 prope
1112 2144 1230 2208 Geras·

18 2239 54 2300 ccl
76 2243 163 2312 Ducat.
194 2249 321 2313 tadeus.
351 2264 459 2311 cavum
489 2245 704 2329 porphyricum
741 2244 881 2322 tenebat,
919 2245 951 2309 in
980 2245 1230 2328 Monte-pinifero

19 2339 99 2410 luribm
117 2349 183 2416 locis
205 2352 373 2435 praecipue
394 2351 433 2415 ad
455 2369 556 2415 arcem
579 2349 738 2433 antiquam
760 2351 970 2436 Luiseadurp,
1000 2351 1032 2416 in
1056 2351 1230 2434 Norregiae

18 2449 113 2516 crucia
127 2455 355 2532 Hrdcmurlrcn,
378 2454 409 2519 in
432 2455 571 2522 cavernis
594 2455 742 2532 arenosis,
764 2472 841 2537 quas
857 2457 943 2520 totas
959 2455 1019 2520 fere
1035 2455 1168 2534 obducit,
1191 2456 1230 2522 ad

18 2545 83 2636 laisla
102 2555 175 2642 Crcp
197 2579 242 2642 pr.
274 2557 485 2642 Warrinptcn
508 2559 611 2624 comit.
638 2553 802 2637 Clocsdiie,
833 2559 907 2624 duce
933 2560 1164 2640 am.W11.sou‚
1196 2560 1228 2624 iu

20 2659 111 2736 cremia
127 2680 168 2742 pr.
184 2662 425 2746 Bwnhndurp,
447 2662 521 2727 duce
544 2682 604 2726 am.
621 2662 746 2739 Horren,
769 2662 835 2745 ipse
851 2662 1101 2745 ,copiosissimam
1125 2665 1228 2730 obser-

18 2756 59 2830 ci;
83 2761 263 2831 abundanter
285 2765 319 2830 in
350 2765 426 2829 locis
458 2764 614 2830 excavatis
636 2765 789 2831 umbrosis
811 2784 857 2847 pr.
886 2767 1091 2845 l'odmorden,
1124 2786 1160 2832 ex
1182 2785 1229 2850 gr.

18 2854 131 2930 loreas
146 2867 273 2954 Olouqlr,
298 2868 339 2933 ad
367 2868 524 2952 Thieoeley
548 2869 668 2950 scona,
692 2869 830 2935 Nowunc
852 2872 883 2935 et
897 2871 951 2934 Dr.
969 2871 1068 2936 Woon
1092 2871 1232 2955 legerunt

18 2961 166 3048 eduense
187 2992 232 3056 pr.
251 2974 354 3039 Gciso
376 2992 417 3036 m.
434 2973 527 3036 thn
550 2973 725 3055 (Gnunne);
748 2971 780 3035 in
803 2992 844 3038 m.
868 2974 1081 3040 Ardennarum
1103 2992 1149 3057 pr.
1165 2975 1231 3039 lle-

18 3069 289 3160 llBasonuueuna);
324 3077 355 3140 in
389 3077 469 3141 valle
495 3077 580 3140 Glon
612 3094 657 3157 pr.
687 3075 872 3140 Woldmolrr
904 3077 1030 3141 ditionis
1054 3077 1232 3159 bipontinae

18 3165 77 3249 ''lllt
96 3177 271 3248 incavornis
288 3181 427 3247 arenosis
443 3199 487 3262 pr.
509 3180 557 3245 lit.
581 3180 666 3245 llum.
691 3181 823 3245 Maeonio
846 3181 1001 3264 paroeciae
1024 3182 1227 3247 Karcsuoato

18 3281 126 3356 spuriae
146 3287 314 3363 tornensis,
346 3285 379 3349 in
401 3285 548 3350 Tarsatia
577 3283 707 3348 australi
734 3287 766 3348 et
794 3283 965 3348 indemnia
994 3284 1095 3349 medie
1123 3284 1170 3370 (Ρ.
1195 3285 1231 3350 Ρ.

18 3393 305 3468 dinumeraturum
329 3411 346 3455 e
369 3388 504 3466 Silesiaa,
529 3387 724 3472 Thuringiae,
748 3387 971 3469 Westphaliae,
994 3386 1129 3466 Sueciae,
1147 3388 1229 3453 Nor-

18 3488 81 3562 aare,
110 3491 316 3579 Salisburgiae
353 3493 489 3575 pluribus
512 3492 587 3558 locis
611 3492 716 3557 habeo.
762 3492 799 3555 In
822 3509 897 3556 zona
919 3489 1111 3556 meridionali
1134 3492 1233 3558 adhuc

18 3585 150 3660 sileretur.
194 3598 345 3664 Calcaree
368 3597 457 3681 fugit.

58 3693 148 3764 Fruct.
170 3711 290 3768 matur.
315 3699 414 3782 primo
437 3719 515 3766 vere.

58 3805 232 3872 Prothallium
256 3813 379 3886 hujusce
402 3812 491 3870 musci
516 3828 603 3885 quarn
617 3811 742 3869 maxime
758 3809 917 3885 singularis
933 3827 950 3869 a
966 3809 1035 3868 clar.
1052 3812 1163 3869 Barnun
1179 3828 1232 3885 pro

18 3881 50 3948 lto
68 3893 202 3970 habitum,
237 3901 330 3974 atque
361 3900 398 3956 ab
422 3915 455 3957 oo
478 3899 514 3957 ob
537 3898 660 3956 nitorem
684 3914 803 3957 amoeno
827 3896 1044 3972 enraragdinum
1067 3915 1152 3972 quarn
1175 3899 1232 3957 cir·

18 3987 133 4056 meusque
155 3988 281 4062 spargit,
306 3984 509 4061 Cotcpride'um
530 3985 754 4061 eororapdinum
776 3984 994 4043 denominatum
1016 3986 1070 4043 ost.

459 4168 623 4253 Tribus
651 4169 732 4250 XI.

378 4287 811 4390 lplaetuaocao.

60 4435 173 4508 Plantae
194 4463 313 4510 annuae
337 4444 385 4510 rol
407 4463 571 4527 perennes,
593 4443 755 4528 gregoriae
776 4442 825 4507 rel
848 4441 1051 4525 caespitosae3
1086 4455 1233 4520 perennes

18 4531 282 4622 decretoriam
314 4547 511 4625 innovantes,
543 4547 647 4612 aetate
677 4547 824 4628 provecta
854 4543 1024 4610 dichotome
1056 4538 1233 4621 fastigiatu-

18 4655 111 4710 urosae.
151 4649 238 4716 Folia
259 4669 275 4716 c
299 4649 418 4715 cellulis
440 4651 562 4735 magnis
584 4648 861 4735 perenchymaticie
884 4646 1027 4712 mollibus
1050 4640 1230 4726 composita,

33 4747 140 4812 sumn,
154 4759 266 4816 arnapa.
286 4761 331 4803 rae
346 4761 379 4806 11.
990 4745 1026 4806 23
