<?xml version="1.0" encoding="UTF-8"?>
<!DOCTYPE html PUBLIC "-//W3C//DTD XHTML 1.0 Transitional//EN"
    "http://www.w3.org/TR/xhtml1/DTD/xhtml1-transitional.dtd">
<html xmlns="http://www.w3.org/1999/xhtml" xml:lang="en" lang="en">
 <head>
  <title>
</title>
<meta http-equiv="Content-Type" content="text/html;charset=utf-8" />
  <meta name='ocr-system' content='tesseract 3.04.00' />
  <meta name='ocr-capabilities' content='ocr_page ocr_carea ocr_par ocr_line ocrx_word'/>
</head>
<body>
  <div class='ocr_page' id='page_1' title='image "./synopsismuscoru00schigoog_0277.png"; bbox 0 0 3188 5230; ppageno 0'>
   <div class='ocr_carea' id='block_1_1' title="bbox 451 247 1277 320">
    <p class='ocr_par' dir='ltr' id='par_1_1' title="bbox 451 247 1277 320">
     <span class='ocr_line' id='line_1_1' title="bbox 451 247 1277 320; baseline 0.023 -19"><span class='ocrx_word' id='word_1_1' title='bbox 451 257 453 262; x_wconf 87' lang='grc'><strong>’</strong></span> <span class='ocrx_word' id='word_1_2' title='bbox 532 247 751 307; x_wconf 75' lang='lat' dir='ltr'>ffimideateeeae.</span> <span class='ocrx_word' id='word_1_3' title='bbox 1216 251 1277 320; x_wconf 82' lang='grc'>113</span> 
     </span>
    </p>
   </div>
   <div class='ocr_carea' id='block_1_2' title="bbox 59 425 1281 676">
    <p class='ocr_par' dir='ltr' id='par_1_2' title="bbox 59 425 1281 676">
     <span class='ocr_line' id='line_1_2' title="bbox 122 425 1280 510; baseline 0.012 -29"><span class='ocrx_word' id='word_1_4' title='bbox 122 425 261 496; x_wconf 84' lang='lat' dir='ltr'>Specimina</span> <span class='ocrx_word' id='word_1_5' title='bbox 281 429 381 488; x_wconf 88' lang='lat' dir='ltr'>sardca</span> <span class='ocrx_word' id='word_1_6' title='bbox 403 433 431 488; x_wconf 88' lang='lat' dir='ltr'>et</span> <span class='ocrx_word' id='word_1_7' title='bbox 450 425 611 505; x_wconf 79' lang='lat' dir='ltr'>algeriaua,</span> <span class='ocrx_word' id='word_1_8' title='bbox 634 449 708 506; x_wconf 90' lang='lat' dir='ltr'>quae</span> <span class='ocrx_word' id='word_1_9' title='bbox 724 431 798 491; x_wconf 88' lang='lat' dir='ltr'>satis</span> <span class='ocrx_word' id='word_1_10' title='bbox 815 449 879 491; x_wconf 89' lang='lat' dir='ltr'>curu</span> <span class='ocrx_word' id='word_1_11' title='bbox 896 433 1090 508; x_wconf 77' lang='lat' dir='ltr'>descriptione</span> <span class='ocrx_word' id='word_1_12' title='bbox 1106 453 1193 510; x_wconf 87' lang='lat' dir='ltr'>quem</span> <span class='ocrx_word' id='word_1_13' title='bbox 1211 436 1280 495; x_wconf 87' lang='lat' dir='ltr'>clar.</span> 
     </span>
     <span class='ocr_line' id='line_1_3' title="bbox 59 507 1281 598; baseline 0.014 -33"><span class='ocrx_word' id='word_1_14' title='bbox 59 507 206 570; x_wconf 82' lang='lat' dir='ltr'>Dalionars</span> <span class='ocrx_word' id='word_1_15' title='bbox 226 513 258 572; x_wconf 89' lang='lat' dir='ltr'>de</span> <span class='ocrx_word' id='word_1_16' title='bbox 278 517 316 574; x_wconf 84' lang='lat' dir='ltr'>F.</span> <span class='ocrx_word' id='word_1_17' title='bbox 339 517 442 576; x_wconf 83' lang='lat' dir='ltr'>surdoe</span> <span class='ocrx_word' id='word_1_18' title='bbox 472 535 525 576; x_wconf 89' lang='lat' dir='ltr'>suo</span> <span class='ocrx_word' id='word_1_19' title='bbox 548 519 577 577; x_wconf 95' lang='lat' dir='ltr'>iu</span> <span class='ocrx_word' id='word_1_20' title='bbox 599 517 726 594; x_wconf 78' lang='lat' dir='ltr'>Epilogo</span> <span class='ocrx_word' id='word_1_21' title='bbox 750 519 776 576; x_wconf 96' lang='lat' dir='ltr'>d.</span> <span class='ocrx_word' id='word_1_22' title='bbox 800 519 889 579; x_wconf 92' lang='lat' dir='ltr'>Briol.</span> <span class='ocrx_word' id='word_1_23' title='bbox 914 521 976 580; x_wconf 90' lang='lat' dir='ltr'>ital.</span> <span class='ocrx_word' id='word_1_24' title='bbox 999 523 1081 582; x_wconf 89' lang='lat' dir='ltr'>dedit</span> <span class='ocrx_word' id='word_1_25' title='bbox 1103 525 1281 598; x_wconf 87' lang='lat' dir='ltr'>congruunt,</span> 
     </span>
     <span class='ocr_line' id='line_1_4' title="bbox 59 595 757 676; baseline 0.016 -23"><span class='ocrx_word' id='word_1_26' title='bbox 59 595 94 649; x_wconf 79' lang='lat' dir='ltr'>riu</span> <span class='ocrx_word' id='word_1_27' title='bbox 111 614 125 654; x_wconf 91' lang='lat' dir='ltr'>a</span> <span class='ocrx_word' id='word_1_28' title='bbox 142 599 174 657; x_wconf 82' lang='lat' dir='ltr'>F.</span> <span class='ocrx_word' id='word_1_29' title='bbox 192 603 301 661; x_wconf 71' lang='lat' dir='ltr'>bauran</span> <span class='ocrx_word' id='word_1_30' title='bbox 321 604 450 676; x_wconf 83' lang='lat' dir='ltr'>specifice</span> <span class='ocrx_word' id='word_1_31' title='bbox 473 605 589 664; x_wconf 82' lang='lat' dir='ltr'>diuersa</span> <span class='ocrx_word' id='word_1_32' title='bbox 611 605 757 664; x_wconf 87' lang='lat' dir='ltr'>videntur.</span> 
     </span>
    </p>
   </div>
   <div class='ocr_carea' id='block_1_3' title="bbox 313 778 968 962">
    <p class='ocr_par' dir='ltr' id='par_1_3' title="bbox 313 778 968 962">
     <span class='ocr_line' id='line_1_5' title="bbox 426 778 849 851; baseline 0.012 -17"><span class='ocrx_word' id='word_1_33' title='bbox 426 781 459 836; x_wconf 80' lang='lat'>4.</span> <span class='ocrx_word' id='word_1_34' title='bbox 490 778 665 837; x_wconf 76' lang='lat' dir='ltr'>Pissidens</span> <span class='ocrx_word' id='word_1_35' title='bbox 686 781 849 851; x_wconf 82' lang='lat' dir='ltr'>pusillus.</span> 
     </span>
     <span class='ocr_line' id='line_1_6' title="bbox 313 881 968 962; baseline 0.009 -22"><span class='ocrx_word' id='word_1_36' title='bbox 313 881 343 938; x_wconf 81' lang='lat' dir='ltr'>F.</span> <span class='ocrx_word' id='word_1_37' title='bbox 366 881 502 942; x_wconf 83' lang='lat' dir='ltr'>incurvus</span> <span class='ocrx_word' id='word_1_38' title='bbox 524 902 585 942; x_wconf 80' lang='lat' dir='ltr'>rar.</span> <span class='ocrx_word' id='word_1_39' title='bbox 607 886 732 959; x_wconf 91' lang='lat' dir='ltr'>pusillus</span> <span class='ocrx_word' id='word_1_40' title='bbox 755 887 822 945; x_wconf 82' lang='lat' dir='ltr'>Soa.</span> <span class='ocrx_word' id='word_1_41' title='bbox 846 888 968 962; x_wconf 84' lang='lat' dir='ltr'>Synops.</span> 
     </span>
    </p>
   </div>
   <div class='ocr_carea' id='block_1_4' title="bbox 55 991 1283 2643">
    <p class='ocr_par' dir='ltr' id='par_1_4' title="bbox 59 991 1282 2016">
     <span class='ocr_line' id='line_1_7' title="bbox 127 991 1279 1086; baseline 0.011 -33"><span class='ocrx_word' id='word_1_42' title='bbox 127 991 286 1062; x_wconf 78' lang='lat' dir='ltr'>lminimis.</span> <span class='ocrx_word' id='word_1_43' title='bbox 329 997 435 1064; x_wconf 83' lang='lat' dir='ltr'>Flores</span> <span class='ocrx_word' id='word_1_44' title='bbox 456 999 642 1079; x_wconf 86' lang='lat' dir='ltr'>bisexuales,</span> <span class='ocrx_word' id='word_1_45' title='bbox 675 1002 726 1066; x_wconf 83' lang='lat' dir='ltr'>vel</span> <span class='ocrx_word' id='word_1_46' title='bbox 748 1001 878 1067; x_wconf 87' lang='lat' dir='ltr'>masculi</span> <span class='ocrx_word' id='word_1_47' title='bbox 908 1001 1099 1086; x_wconf 82' lang='lat' dir='ltr'>monophylli</span> <span class='ocrx_word' id='word_1_48' title='bbox 1121 1001 1279 1086; x_wconf 82' lang='lat' dir='ltr'>hypogyni</span> 
     </span>
     <span class='ocr_line' id='line_1_8' title="bbox 65 1091 1282 1183; baseline 0.016 -30"><span class='ocrx_word' id='word_1_49' title='bbox 65 1091 99 1155; x_wconf 83' lang='lat' dir='ltr'>ul</span> <span class='ocrx_word' id='word_1_50' title='bbox 116 1093 250 1174; x_wconf 85' lang='lat' dir='ltr'>plantulam</span> <span class='ocrx_word' id='word_1_51' title='bbox 271 1101 423 1183; x_wconf 84' lang='lat' dir='ltr'>propriam</span> <span class='ocrx_word' id='word_1_52' title='bbox 447 1103 607 1169; x_wconf 80' lang='lat' dir='ltr'>minimam</span> <span class='ocrx_word' id='word_1_53' title='bbox 630 1123 646 1169; x_wconf 89' lang='lat' dir='ltr'>e</span> <span class='ocrx_word' id='word_1_54' title='bbox 669 1105 771 1170; x_wconf 86' lang='lat' dir='ltr'>radice</span> <span class='ocrx_word' id='word_1_55' title='bbox 794 1107 915 1170; x_wconf 90' lang='lat' dir='ltr'>enatam</span> <span class='ocrx_word' id='word_1_56' title='bbox 935 1105 1113 1173; x_wconf 78' lang='lat' dir='ltr'>formantes,</span> <span class='ocrx_word' id='word_1_57' title='bbox 1144 1104 1282 1172; x_wconf 81' lang='lat' dir='ltr'>Gaulise</span> 
     </span>
     <span class='ocr_line' id='line_1_9' title="bbox 63 1195 1281 1294; baseline 0.014 -37"><span class='ocrx_word' id='word_1_58' title='bbox 63 1195 111 1259; x_wconf 76' lang='lat' dir='ltr'>basi</span> <span class='ocrx_word' id='word_1_59' title='bbox 127 1201 206 1266; x_wconf 84' lang='lat' dir='ltr'>ereata</span> <span class='ocrx_word' id='word_1_60' title='bbox 225 1203 453 1273; x_wconf 81' lang='lat' dir='ltr'>bonrontaliter</span> <span class='ocrx_word' id='word_1_61' title='bbox 473 1206 650 1273; x_wconf 89' lang='lat' dir='ltr'>inclinatus.</span> <span class='ocrx_word' id='word_1_62' title='bbox 695 1208 783 1274; x_wconf 81' lang='lat' dir='ltr'>Folia</span> <span class='ocrx_word' id='word_1_63' title='bbox 805 1209 962 1292; x_wconf 80' lang='lat' dir='ltr'>superiora</span> <span class='ocrx_word' id='word_1_64' title='bbox 984 1211 1116 1294; x_wconf 85' lang='lat' dir='ltr'>anguste</span> <span class='ocrx_word' id='word_1_65' title='bbox 1133 1209 1281 1293; x_wconf 83' lang='lat' dir='ltr'>oblongo·</span> 
     </span>
     <span class='ocr_line' id='line_1_10' title="bbox 61 1299 1280 1392; baseline 0.016 -31"><span class='ocrx_word' id='word_1_66' title='bbox 61 1299 512 1392; x_wconf 78' lang='lat' dir='ltr'>oraiareloblongolanceolata,</span> <span class='ocrx_word' id='word_1_67' title='bbox 534 1312 718 1391; x_wconf 86' lang='lat' dir='ltr'>acuminata,</span> <span class='ocrx_word' id='word_1_68' title='bbox 740 1313 858 1379; x_wconf 89' lang='lat' dir='ltr'>lamina</span> <span class='ocrx_word' id='word_1_69' title='bbox 881 1314 1021 1379; x_wconf 81' lang='lat' dir='ltr'>verticuli</span> <span class='ocrx_word' id='word_1_70' title='bbox 1043 1314 1103 1380; x_wconf 89' lang='lat' dir='ltr'>alis</span> <span class='ocrx_word' id='word_1_71' title='bbox 1125 1314 1280 1380; x_wconf 84' lang='lat' dir='ltr'>auriculae</span> 
     </span>
     <span class='ocr_line' id='line_1_11' title="bbox 61 1403 1278 1497; baseline 0.013 -29"><span class='ocrx_word' id='word_1_72' title='bbox 61 1403 255 1491; x_wconf 72' lang='lat' dir='ltr'>ruboqudonga,</span> <span class='ocrx_word' id='word_1_73' title='bbox 276 1411 305 1475; x_wconf 92' lang='lat' dir='ltr'>in</span> <span class='ocrx_word' id='word_1_74' title='bbox 317 1414 408 1478; x_wconf 90' lang='lat' dir='ltr'>dorso</span> <span class='ocrx_word' id='word_1_75' title='bbox 425 1413 516 1496; x_wconf 91' lang='lat' dir='ltr'>hujus</span> <span class='ocrx_word' id='word_1_76' title='bbox 532 1434 630 1496; x_wconf 88' lang='lat' dir='ltr'>usquc</span> <span class='ocrx_word' id='word_1_77' title='bbox 644 1415 684 1481; x_wconf 87' lang='lat' dir='ltr'>ad</span> <span class='ocrx_word' id='word_1_78' title='bbox 698 1417 832 1482; x_wconf 88' lang='lat' dir='ltr'>medium</span> <span class='ocrx_word' id='word_1_79' title='bbox 848 1418 897 1482; x_wconf 87' lang='lat' dir='ltr'>vel</span> <span class='ocrx_word' id='word_1_80' title='bbox 912 1417 993 1482; x_wconf 85' lang='lat' dir='ltr'>infra</span> <span class='ocrx_word' id='word_1_81' title='bbox 1008 1416 1168 1497; x_wconf 86' lang='lat' dir='ltr'>defluente,</span> <span class='ocrx_word' id='word_1_82' title='bbox 1184 1417 1278 1484; x_wconf 91' lang='lat' dir='ltr'>limbo</span> 
     </span>
     <span class='ocr_line' id='line_1_12' title="bbox 60 1509 1280 1601; baseline 0.011 -28"><span class='ocrx_word' id='word_1_83' title='bbox 60 1509 228 1588; x_wconf 72' lang='lat' dir='ltr'>annosum</span> <span class='ocrx_word' id='word_1_84' title='bbox 247 1512 323 1580; x_wconf 83' lang='lat' dir='ltr'>iufra</span> <span class='ocrx_word' id='word_1_85' title='bbox 344 1517 501 1599; x_wconf 87' lang='lat' dir='ltr'>apiculum</span> <span class='ocrx_word' id='word_1_86' title='bbox 524 1521 556 1582; x_wconf 88' lang='lat' dir='ltr'>et</span> <span class='ocrx_word' id='word_1_87' title='bbox 578 1518 699 1600; x_wconf 89' lang='lat' dir='ltr'>saepius</span> <span class='ocrx_word' id='word_1_88' title='bbox 723 1538 815 1601; x_wconf 88' lang='lat' dir='ltr'>supra</span> <span class='ocrx_word' id='word_1_89' title='bbox 838 1521 926 1586; x_wconf 87' lang='lat' dir='ltr'>basin</span> <span class='ocrx_word' id='word_1_90' title='bbox 942 1521 1077 1601; x_wconf 82' lang='lat' dir='ltr'>finiente,</span> <span class='ocrx_word' id='word_1_91' title='bbox 1099 1520 1196 1586; x_wconf 92' lang='lat' dir='ltr'>limbo</span> <span class='ocrx_word' id='word_1_92' title='bbox 1212 1521 1280 1586; x_wconf 86' lang='lat' dir='ltr'>ala·</span> 
     </span>
     <span class='ocr_line' id='line_1_13' title="bbox 60 1613 1281 1690; baseline 0.016 -20"><span class='ocrx_word' id='word_1_93' title='bbox 60 1624 109 1672; x_wconf 87' lang='lat' dir='ltr'>run</span> <span class='ocrx_word' id='word_1_94' title='bbox 123 1613 248 1682; x_wconf 81' lang='lat' dir='ltr'>auncnlae</span> <span class='ocrx_word' id='word_1_95' title='bbox 269 1639 372 1686; x_wconf 83' lang='lat' dir='ltr'>versus</span> <span class='ocrx_word' id='word_1_96' title='bbox 397 1621 486 1686; x_wconf 88' lang='lat' dir='ltr'>basin</span> <span class='ocrx_word' id='word_1_97' title='bbox 510 1621 598 1687; x_wconf 83' lang='lat' dir='ltr'>ualde</span> <span class='ocrx_word' id='word_1_98' title='bbox 619 1622 753 1688; x_wconf 83' lang='lat' dir='ltr'>dilatato</span> <span class='ocrx_word' id='word_1_99' title='bbox 775 1622 885 1689; x_wconf 87' lang='lat' dir='ltr'>leniter</span> <span class='ocrx_word' id='word_1_100' title='bbox 907 1624 1078 1689; x_wconf 86' lang='lat' dir='ltr'>incrassato</span> <span class='ocrx_word' id='word_1_101' title='bbox 1100 1624 1281 1690; x_wconf 82' lang='lat' dir='ltr'>latescente.</span> 
     </span>
     <span class='ocr_line' id='line_1_14' title="bbox 59 1709 1281 1808; baseline 0.016 -34"><span class='ocrx_word' id='word_1_102' title='bbox 59 1709 156 1792; x_wconf 76' lang='lat' dir='ltr'>Copula</span> <span class='ocrx_word' id='word_1_103' title='bbox 176 1719 328 1802; x_wconf 88' lang='lat' dir='ltr'>minutula,</span> <span class='ocrx_word' id='word_1_104' title='bbox 362 1726 399 1789; x_wconf 91' lang='lat' dir='ltr'>in</span> <span class='ocrx_word' id='word_1_105' title='bbox 427 1723 573 1806; x_wconf 86' lang='lat' dir='ltr'>pedicello</span> <span class='ocrx_word' id='word_1_106' title='bbox 603 1725 717 1808; x_wconf 85' lang='lat' dir='ltr'>pallido</span> <span class='ocrx_word' id='word_1_107' title='bbox 745 1727 906 1793; x_wconf 78' lang='lat' dir='ltr'>suberecta</span> <span class='ocrx_word' id='word_1_108' title='bbox 933 1727 983 1794; x_wconf 83' lang='lat' dir='ltr'>uel</span> <span class='ocrx_word' id='word_1_109' title='bbox 1016 1728 1139 1794; x_wconf 90' lang='lat' dir='ltr'>omnino</span> <span class='ocrx_word' id='word_1_110' title='bbox 1161 1730 1281 1806; x_wconf 82' lang='lat' dir='ltr'>erecta3</span> 
     </span>
     <span class='ocr_line' id='line_1_15' title="bbox 59 1819 353 1897; baseline 0.061 -22"><span class='ocrx_word' id='word_1_111' title='bbox 59 1819 163 1895; x_wconf 85' lang='lat' dir='ltr'>operculo</span> <span class='ocrx_word' id='word_1_112' title='bbox 181 1821 353 1897; x_wconf 85' lang='lat' dir='ltr'>brerirostri.</span> 
     </span>
     <span class='ocr_line' id='line_1_16' title="bbox 60 1917 912 2016; baseline 0.025 -38"><span class='ocrx_word' id='word_1_113' title='bbox 60 1917 180 1986; x_wconf 67' lang='lat' dir='ltr'>Haedua</span> <span class='ocrx_word' id='word_1_114' title='bbox 194 1930 321 2010; x_wconf 77' lang='lat' dir='ltr'>pusillus</span> <span class='ocrx_word' id='word_1_115' title='bbox 342 1931 447 1998; x_wconf 86' lang='lat' dir='ltr'>Wus.</span> <span class='ocrx_word' id='word_1_116' title='bbox 471 1933 530 1998; x_wconf 87' lang='lat' dir='ltr'>Mt.</span> <span class='ocrx_word' id='word_1_117' title='bbox 567 1933 673 1998; x_wconf 82' lang='lat' dir='ltr'>limus</span> <span class='ocrx_word' id='word_1_118' title='bbox 695 1934 800 2016; x_wconf 83' lang='lat' dir='ltr'>Bryol.</span> <span class='ocrx_word' id='word_1_119' title='bbox 824 1933 912 2000; x_wconf 87' lang='lat' dir='ltr'>Silas.</span> 
     </span>
    </p>

    <p class='ocr_par' dir='ltr' id='par_1_5' title="bbox 55 2025 1283 2643">
     <span class='ocr_line' id='line_1_17' title="bbox 122 2025 1282 2121; baseline 0.013 -30"><span class='ocrx_word' id='word_1_120' title='bbox 122 2025 205 2094; x_wconf 75' lang='lat' dir='ltr'>nau.</span> <span class='ocrx_word' id='word_1_121' title='bbox 234 2032 303 2099; x_wconf 86' lang='lat' dir='ltr'>locis</span> <span class='ocrx_word' id='word_1_122' title='bbox 335 2035 450 2102; x_wconf 87' lang='lat' dir='ltr'>iisdem</span> <span class='ocrx_word' id='word_1_123' title='bbox 473 2038 582 2118; x_wconf 87' lang='lat' dir='ltr'>quibus</span> <span class='ocrx_word' id='word_1_124' title='bbox 604 2039 642 2102; x_wconf 77' lang='lat' dir='ltr'>F.</span> <span class='ocrx_word' id='word_1_125' title='bbox 666 2040 816 2103; x_wconf 81' lang='lat' dir='ltr'>incurvus</span> <span class='ocrx_word' id='word_1_126' title='bbox 839 2037 987 2104; x_wconf 89' lang='lat' dir='ltr'>occurrit:</span> <span class='ocrx_word' id='word_1_127' title='bbox 1020 2039 1224 2121; x_wconf 90' lang='lat' dir='ltr'>pulcherrime</span> <span class='ocrx_word' id='word_1_128' title='bbox 1250 2042 1282 2105; x_wconf 89' lang='lat' dir='ltr'>et</span> 
     </span>
     <span class='ocr_line' id='line_1_18' title="bbox 58 2127 1283 2226; baseline 0.013 -33"><span class='ocrx_word' id='word_1_129' title='bbox 58 2127 145 2204; x_wconf 74' lang='lat' dir='ltr'>copiose</span> <span class='ocrx_word' id='word_1_130' title='bbox 163 2135 238 2202; x_wconf 86' lang='lat' dir='ltr'>amic.</span> <span class='ocrx_word' id='word_1_131' title='bbox 258 2139 309 2208; x_wconf 89' lang='lat' dir='ltr'>Dr.</span> <span class='ocrx_word' id='word_1_132' title='bbox 325 2141 433 2206; x_wconf 88' lang='lat' dir='ltr'>Woon</span> <span class='ocrx_word' id='word_1_133' title='bbox 456 2159 547 2224; x_wconf 88' lang='lat' dir='ltr'>prope</span> <span class='ocrx_word' id='word_1_134' title='bbox 564 2142 748 2225; x_wconf 78' lang='lat' dir='ltr'>Pontrrfoct</span> <span class='ocrx_word' id='word_1_135' title='bbox 763 2141 944 2226; x_wconf 82' lang='lat' dir='ltr'>(Yortsb.),</span> <span class='ocrx_word' id='word_1_136' title='bbox 967 2142 999 2207; x_wconf 87' lang='lat' dir='ltr'>in</span> <span class='ocrx_word' id='word_1_137' title='bbox 1022 2145 1108 2210; x_wconf 84' lang='lat' dir='ltr'>terra</span> <span class='ocrx_word' id='word_1_138' title='bbox 1129 2143 1283 2209; x_wconf 88' lang='lat' dir='ltr'>calcareo-</span> 
     </span>
     <span class='ocr_line' id='line_1_19' title="bbox 57 2237 1278 2331; baseline 0.02 -45"><span class='ocrx_word' id='word_1_139' title='bbox 57 2243 164 2300; x_wconf 73' lang='lat' dir='ltr'>araneosa</span> <span class='ocrx_word' id='word_1_140' title='bbox 182 2237 214 2301; x_wconf 87' lang='lat' dir='ltr'>ed</span> <span class='ocrx_word' id='word_1_141' title='bbox 231 2242 510 2328; x_wconf 56' lang='lat' dir='ltr'>,Railway-toulffl</span> <span class='ocrx_word' id='word_1_142' title='bbox 524 2245 638 2310; x_wconf 90' lang='lat' dir='ltr'>lectum</span> <span class='ocrx_word' id='word_1_143' title='bbox 653 2246 755 2322; x_wconf 89' lang='lat' dir='ltr'>misit;</span> <span class='ocrx_word' id='word_1_144' title='bbox 778 2264 872 2327; x_wconf 90' lang='lat' dir='ltr'>prope</span> <span class='ocrx_word' id='word_1_145' title='bbox 892 2247 1090 2312; x_wconf 74' lang='lat' dir='ltr'>Tedanordea</span> <span class='ocrx_word' id='word_1_146' title='bbox 1106 2246 1278 2331; x_wconf 84' lang='lat' dir='ltr'>(Nowunu),</span> 
     </span>
     <span class='ocr_line' id='line_1_20' title="bbox 56 2335 1282 2434; baseline 0.006 -25"><span class='ocrx_word' id='word_1_147' title='bbox 56 2349 88 2409; x_wconf 72' lang='lat' dir='ltr'>lt</span> <span class='ocrx_word' id='word_1_148' title='bbox 112 2335 281 2428; x_wconf 71' lang='lat' dir='ltr'>ll‘orantcn</span> <span class='ocrx_word' id='word_1_149' title='bbox 304 2349 478 2430; x_wconf 85' lang='lat' dir='ltr'>(Wusou),</span> <span class='ocrx_word' id='word_1_150' title='bbox 501 2368 547 2430; x_wconf 90' lang='lat' dir='ltr'>pr.</span> <span class='ocrx_word' id='word_1_151' title='bbox 563 2350 695 2433; x_wconf 82' lang='lat' dir='ltr'>Ajoccio</span> <span class='ocrx_word' id='word_1_152' title='bbox 711 2349 854 2416; x_wconf 81' lang='lat' dir='ltr'>Corsicae</span> <span class='ocrx_word' id='word_1_153' title='bbox 876 2351 1057 2434; x_wconf 76' lang='lat' dir='ltr'>(Rucuma),</span> <span class='ocrx_word' id='word_1_154' title='bbox 1080 2349 1147 2432; x_wconf 90' lang='lat' dir='ltr'>ipse</span> <span class='ocrx_word' id='word_1_155' title='bbox 1161 2350 1282 2432; x_wconf 87' lang='lat' dir='ltr'>copiose</span> 
     </span>
     <span class='ocr_line' id='line_1_21' title="bbox 55 2433 1281 2536; baseline 0.011 -31"><span class='ocrx_word' id='word_1_156' title='bbox 55 2433 99 2518; x_wconf 78' lang='lat' dir='ltr'>legi</span> <span class='ocrx_word' id='word_1_157' title='bbox 117 2439 140 2506; x_wconf 92' lang='lat' dir='ltr'>in</span> <span class='ocrx_word' id='word_1_158' title='bbox 158 2444 234 2514; x_wconf 85' lang='lat' dir='ltr'>berto</span> <span class='ocrx_word' id='word_1_159' title='bbox 253 2453 342 2518; x_wconf 88' lang='lat' dir='ltr'>amici</span> <span class='ocrx_word' id='word_1_160' title='bbox 370 2450 456 2516; x_wconf 87' lang='lat' dir='ltr'>Gom.</span> <span class='ocrx_word' id='word_1_161' title='bbox 480 2451 606 2518; x_wconf 80' lang='lat' dir='ltr'>Gesrou</span> <span class='ocrx_word' id='word_1_162' title='bbox 628 2471 669 2517; x_wconf 85' lang='lat' dir='ltr'>ns</span> <span class='ocrx_word' id='word_1_163' title='bbox 691 2453 831 2520; x_wconf 80' lang='lat' dir='ltr'>Sancum</span> <span class='ocrx_word' id='word_1_164' title='bbox 855 2471 947 2536; x_wconf 87' lang='lat' dir='ltr'>prope</span> <span class='ocrx_word' id='word_1_165' title='bbox 971 2454 1179 2518; x_wconf 73' lang='lat' dir='ltr'>sollus-Pone</span> <span class='ocrx_word' id='word_1_166' title='bbox 1201 2452 1281 2518; x_wconf 89' lang='lat' dir='ltr'>baud</span> 
     </span>
     <span class='ocr_line' id='line_1_22' title="bbox 55 2538 1147 2643; baseline -0.001 -19"><span class='ocrx_word' id='word_1_167' title='bbox 55 2538 120 2624; x_wconf 70' lang='lat' dir='ltr'>¹⁰¹¹t⁸</span> <span class='ocrx_word' id='word_1_168' title='bbox 137 2549 168 2613; x_wconf 67' lang='lat' dir='ltr'>ab</span> <span class='ocrx_word' id='word_1_169' title='bbox 187 2552 299 2638; x_wconf 64' lang='lat' dir='ltr'>Hydrea</span> <span class='ocrx_word' id='word_1_170' title='bbox 321 2555 625 2638; x_wconf 66' lang='lat' dir='ltr'>Gallo-provinciam</span> <span class='ocrx_word' id='word_1_171' title='bbox 646 2557 679 2622; x_wconf 92' lang='lat' dir='ltr'>in</span> <span class='ocrx_word' id='word_1_172' title='bbox 701 2557 898 2640; x_wconf 87' lang='lat' dir='ltr'>Westphalia</span> <span class='ocrx_word' id='word_1_173' title='bbox 920 2559 972 2642; x_wconf 76' lang='lat' dir='ltr'>(H.</span> <span class='ocrx_word' id='word_1_174' title='bbox 989 2558 1147 2643; x_wconf 77' lang='lat' dir='ltr'>Musaue).</span> 
     </span>
    </p>
   </div>
   <div class='ocr_carea' id='block_1_5' title="bbox 45 2719 1293 4683">
    <p class='ocr_par' dir='ltr' id='par_1_6' title="bbox 423 2719 865 2901">
     <span class='ocr_line' id='line_1_23' title="bbox 423 2719 865 2790; baseline 0.005 -14"><span class='ocrx_word' id='word_1_175' title='bbox 423 2723 453 2778; x_wconf 77' lang='grc' dir='ltr'>ὅ.</span> <span class='ocrx_word' id='word_1_176' title='bbox 487 2719 664 2778; x_wconf 77' lang='lat' dir='ltr'>Fissldens</span> <span class='ocrx_word' id='word_1_177' title='bbox 687 2719 865 2790; x_wconf 79' lang='lat' dir='ltr'>orasslp‘es.</span> 
     </span>
     <span class='ocr_line' id='line_1_24' title="bbox 460 2826 822 2901; baseline -0.006 -16"><span class='ocrx_word' id='word_1_178' title='bbox 460 2826 551 2886; x_wconf 86' lang='lat' dir='ltr'>Wms.</span> <span class='ocrx_word' id='word_1_179' title='bbox 573 2827 626 2885; x_wconf 84' lang='lat' dir='ltr'>lit.</span> <span class='ocrx_word' id='word_1_180' title='bbox 642 2827 739 2901; x_wconf 82' lang='lat' dir='ltr'>Bryol.</span> <span class='ocrx_word' id='word_1_181' title='bbox 763 2842 822 2884; x_wconf 90' lang='lat' dir='ltr'>eur.</span> 
     </span>
    </p>

    <p class='ocr_par' dir='ltr' id='par_1_7' title="bbox 45 2928 1293 4372">
     <span class='ocr_line' id='line_1_25' title="bbox 114 2928 1283 3022; baseline 0.003 -23"><span class='ocrx_word' id='word_1_182' title='bbox 114 2928 203 3014; x_wconf 80' lang='lat' dir='ltr'>llajor,</span> <span class='ocrx_word' id='word_1_183' title='bbox 225 2938 436 3005; x_wconf 87' lang='lat' dir='ltr'>semiuncialis</span> <span class='ocrx_word' id='word_1_184' title='bbox 459 2940 492 3005; x_wconf 87' lang='lat' dir='ltr'>et</span> <span class='ocrx_word' id='word_1_185' title='bbox 513 2939 653 3006; x_wconf 86' lang='lat' dir='ltr'>uncialis.</span> <span class='ocrx_word' id='word_1_186' title='bbox 698 2939 787 3006; x_wconf 76' lang='lat' dir='ltr'>Folia</span> <span class='ocrx_word' id='word_1_187' title='bbox 809 2937 972 3022; x_wconf 85' lang='lat' dir='ltr'>plurijuga,</span> <span class='ocrx_word' id='word_1_188' title='bbox 996 2937 1283 3022; x_wconf 74' lang='lat' dir='ltr'>lineali-lingulam,</span> 
     </span>
     <span class='ocr_line' id='line_1_26' title="bbox 52 3031 1282 3124; baseline 0.002 -20"><span class='ocrx_word' id='word_1_189' title='bbox 52 3031 194 3116; x_wconf 72' lang='lat' dir='ltr'>mnan,</span> <span class='ocrx_word' id='word_1_190' title='bbox 214 3041 291 3109; x_wconf 85' lang='lat' dir='ltr'>sicca</span> <span class='ocrx_word' id='word_1_191' title='bbox 312 3045 476 3110; x_wconf 87' lang='lat' dir='ltr'>contracta</span> <span class='ocrx_word' id='word_1_192' title='bbox 498 3044 530 3109; x_wconf 89' lang='lat' dir='ltr'>et</span> <span class='ocrx_word' id='word_1_193' title='bbox 551 3042 695 3121; x_wconf 84' lang='lat' dir='ltr'>flexuosa,</span> <span class='ocrx_word' id='word_1_194' title='bbox 718 3042 852 3122; x_wconf 84' lang='lat' dir='ltr'>humide,</span> <span class='ocrx_word' id='word_1_195' title='bbox 874 3043 910 3106; x_wconf 91' lang='lat' dir='ltr'>ut</span> <span class='ocrx_word' id='word_1_196' title='bbox 932 3043 1000 3107; x_wconf 86' lang='lat' dir='ltr'>tota</span> <span class='ocrx_word' id='word_1_197' title='bbox 1022 3041 1138 3124; x_wconf 85' lang='lat' dir='ltr'>planta,</span> <span class='ocrx_word' id='word_1_198' title='bbox 1161 3041 1282 3118; x_wconf 84' lang='lat' dir='ltr'>mollia,</span> 
     </span>
     <span class='ocr_line' id='line_1_27' title="bbox 53 3129 1285 3222; baseline 0.002 -17"><span class='ocrx_word' id='word_1_199' title='bbox 53 3129 119 3200; x_wconf 78' lang='lat' dir='ltr'>lule</span> <span class='ocrx_word' id='word_1_200' title='bbox 144 3144 282 3212; x_wconf 82' lang='lat' dir='ltr'>aunculaa</span> <span class='ocrx_word' id='word_1_201' title='bbox 311 3147 427 3214; x_wconf 90' lang='lat' dir='ltr'>latiore</span> <span class='ocrx_word' id='word_1_202' title='bbox 459 3148 660 3214; x_wconf 87' lang='lat' dir='ltr'>crassiusculo</span> <span class='ocrx_word' id='word_1_203' title='bbox 688 3147 779 3214; x_wconf 88' lang='lat' dir='ltr'>basin</span> <span class='ocrx_word' id='word_1_204' title='bbox 800 3165 906 3222; x_wconf 85' lang='lat' dir='ltr'>versus</span> <span class='ocrx_word' id='word_1_205' title='bbox 928 3147 1090 3212; x_wconf 88' lang='lat' dir='ltr'>attenuato</span> <span class='ocrx_word' id='word_1_206' title='bbox 1111 3145 1193 3210; x_wconf 88' lang='lat' dir='ltr'>baud</span> <span class='ocrx_word' id='word_1_207' title='bbox 1214 3163 1285 3210; x_wconf 88' lang='lat' dir='ltr'>raro</span> 
     </span>
     <span class='ocr_line' id='line_1_28' title="bbox 50 3231 1284 3334; baseline 0.001 -25"><span class='ocrx_word' id='word_1_208' title='bbox 50 3231 130 3318; x_wconf 72' lang='lat' dir='ltr'>dirue,</span> <span class='ocrx_word' id='word_1_209' title='bbox 148 3243 195 3311; x_wconf 88' lang='lat' dir='ltr'>illo</span> <span class='ocrx_word' id='word_1_210' title='bbox 215 3248 349 3317; x_wconf 85' lang='lat' dir='ltr'>laminae</span> <span class='ocrx_word' id='word_1_211' title='bbox 372 3250 531 3316; x_wconf 85' lang='lat' dir='ltr'>verticalis</span> <span class='ocrx_word' id='word_1_212' title='bbox 554 3251 731 3334; x_wconf 86' lang='lat' dir='ltr'>augustiore</span> <span class='ocrx_word' id='word_1_213' title='bbox 752 3250 842 3316; x_wconf 84' lang='lat' dir='ltr'>basin</span> <span class='ocrx_word' id='word_1_214' title='bbox 864 3267 970 3314; x_wconf 83' lang='lat' dir='ltr'>versus</span> <span class='ocrx_word' id='word_1_215' title='bbox 994 3247 1213 3333; x_wconf 85' lang='lat' dir='ltr'>angustissimo</span> <span class='ocrx_word' id='word_1_216' title='bbox 1228 3246 1284 3311; x_wconf 88' lang='lat' dir='ltr'>sub</span> 
     </span>
     <span class='ocr_line' id='line_1_29' title="bbox 51 3339 1291 3438; baseline -0.002 -22"><span class='ocrx_word' id='word_1_217' title='bbox 51 3339 112 3416; x_wconf 61' lang='lat' dir='ltr'>illle</span> <span class='ocrx_word' id='word_1_218' title='bbox 128 3345 324 3434; x_wconf 77' lang='lat' dir='ltr'>irregulariter</span> <span class='ocrx_word' id='word_1_219' title='bbox 348 3355 567 3420; x_wconf 88' lang='lat' dir='ltr'>subcreuulato</span> <span class='ocrx_word' id='word_1_220' title='bbox 590 3354 729 3433; x_wconf 83' lang='lat' dir='ltr'>evanido,</span> <span class='ocrx_word' id='word_1_221' title='bbox 752 3355 818 3420; x_wconf 89' lang='lat' dir='ltr'>toto</span> <span class='ocrx_word' id='word_1_222' title='bbox 840 3353 983 3438; x_wconf 82' lang='lat' dir='ltr'>margine</span> <span class='ocrx_word' id='word_1_223' title='bbox 1005 3350 1178 3434; x_wconf 87' lang='lat' dir='ltr'>inaequali;</span> <span class='ocrx_word' id='word_1_224' title='bbox 1203 3352 1291 3416; x_wconf 87' lang='lat' dir='ltr'>costa</span> 
     </span>
     <span class='ocr_line' id='line_1_30' title="bbox 50 3447 1293 3540; baseline 0.008 -31"><span class='ocrx_word' id='word_1_225' title='bbox 50 3447 163 3518; x_wconf 77' lang='lat' dir='ltr'>cruciere</span> <span class='ocrx_word' id='word_1_226' title='bbox 181 3473 245 3524; x_wconf 90' lang='lat' dir='ltr'>cum</span> <span class='ocrx_word' id='word_1_227' title='bbox 268 3459 320 3524; x_wconf 83' lang='lat' dir='ltr'>vel</span> <span class='ocrx_word' id='word_1_228' title='bbox 344 3458 472 3540; x_wconf 86' lang='lat' dir='ltr'>paulum</span> <span class='ocrx_word' id='word_1_229' title='bbox 497 3458 554 3523; x_wconf 91' lang='lat' dir='ltr'>sub</span> <span class='ocrx_word' id='word_1_230' title='bbox 577 3459 663 3540; x_wconf 84' lang='lat' dir='ltr'>apice</span> <span class='ocrx_word' id='word_1_231' title='bbox 686 3458 832 3538; x_wconf 88' lang='lat' dir='ltr'>finiente,</span> <span class='ocrx_word' id='word_1_232' title='bbox 872 3457 956 3523; x_wconf 93' lang='lat' dir='ltr'>baud</span> <span class='ocrx_word' id='word_1_233' title='bbox 978 3476 1048 3523; x_wconf 89' lang='lat' dir='ltr'>raro</span> <span class='ocrx_word' id='word_1_234' title='bbox 1069 3458 1107 3521; x_wconf 91' lang='lat' dir='ltr'>ut</span> <span class='ocrx_word' id='word_1_235' title='bbox 1128 3457 1160 3521; x_wconf 90' lang='lat' dir='ltr'>et</span> <span class='ocrx_word' id='word_1_236' title='bbox 1180 3454 1293 3522; x_wconf 88' lang='lat' dir='ltr'>limbus</span> 
     </span>
     <span class='ocr_line' id='line_1_31' title="bbox 50 3543 1293 3645; baseline 0.002 -24"><span class='ocrx_word' id='word_1_237' title='bbox 50 3543 108 3612; x_wconf 72' lang='lat' dir='ltr'>lare</span> <span class='ocrx_word' id='word_1_238' title='bbox 130 3557 172 3621; x_wconf 80' lang='lat' dir='ltr'>rel</span> <span class='ocrx_word' id='word_1_239' title='bbox 191 3560 389 3629; x_wconf 80' lang='lat' dir='ltr'>macescente.</span> <span class='ocrx_word' id='word_1_240' title='bbox 433 3563 540 3629; x_wconf 82' lang='lat' dir='ltr'>Floras</span> <span class='ocrx_word' id='word_1_241' title='bbox 569 3563 728 3645; x_wconf 86' lang='lat' dir='ltr'>utriusque</span> <span class='ocrx_word' id='word_1_242' title='bbox 758 3583 845 3629; x_wconf 84' lang='lat' dir='ltr'>sexus</span> <span class='ocrx_word' id='word_1_243' title='bbox 872 3562 1072 3641; x_wconf 78' lang='lat' dir='ltr'>terminales,</span> <span class='ocrx_word' id='word_1_244' title='bbox 1101 3560 1231 3626; x_wconf 89' lang='lat' dir='ltr'>masculi</span> <span class='ocrx_word' id='word_1_245' title='bbox 1259 3560 1293 3626; x_wconf 90' lang='lat' dir='ltr'>in</span> 
     </span>
     <span class='ocr_line' id='line_1_32' title="bbox 48 3656 1292 3748; baseline 0.009 -32"><span class='ocrx_word' id='word_1_246' title='bbox 48 3656 137 3722; x_wconf 74' lang='lat' dir='ltr'>umbe</span> <span class='ocrx_word' id='word_1_247' title='bbox 159 3661 288 3733; x_wconf 84' lang='lat' dir='ltr'>basilari.</span> <span class='ocrx_word' id='word_1_248' title='bbox 336 3664 471 3748; x_wconf 77' lang='lat' dir='ltr'>capsula</span> <span class='ocrx_word' id='word_1_249' title='bbox 502 3659 662 3732; x_wconf 87' lang='lat' dir='ltr'>suberecta</span> <span class='ocrx_word' id='word_1_250' title='bbox 694 3667 743 3732; x_wconf 83' lang='lat' dir='ltr'>vel</span> <span class='ocrx_word' id='word_1_251' title='bbox 775 3667 886 3732; x_wconf 89' lang='lat' dir='ltr'>leniter</span> <span class='ocrx_word' id='word_1_252' title='bbox 918 3683 1035 3730; x_wconf 87' lang='lat' dir='ltr'>cernua</span> <span class='ocrx_word' id='word_1_253' title='bbox 1066 3664 1177 3742; x_wconf 84' lang='lat' dir='ltr'>orata,</span> <span class='ocrx_word' id='word_1_254' title='bbox 1211 3662 1292 3728; x_wconf 85' lang='lat' dir='ltr'>sicca</span> 
     </span>
     <span class='ocr_line' id='line_1_33' title="bbox 48 3751 1292 3852; baseline -0.006 -14"><span class='ocrx_word' id='word_1_255' title='bbox 48 3751 218 3838; x_wconf 60' lang='lat' dir='ltr'>‘lffllssrmlsta</span> <span class='ocrx_word' id='word_1_256' title='bbox 247 3771 304 3836; x_wconf 90' lang='lat' dir='ltr'>sub</span> <span class='ocrx_word' id='word_1_257' title='bbox 328 3789 380 3836; x_wconf 85' lang='lat' dir='ltr'>ore</span> <span class='ocrx_word' id='word_1_258' title='bbox 402 3770 493 3836; x_wconf 82' lang='lat' dir='ltr'>valde</span> <span class='ocrx_word' id='word_1_259' title='bbox 521 3770 707 3848; x_wconf 86' lang='lat' dir='ltr'>constricta,</span> <span class='ocrx_word' id='word_1_260' title='bbox 740 3769 879 3852; x_wconf 89' lang='lat' dir='ltr'>operculo</span> <span class='ocrx_word' id='word_1_261' title='bbox 911 3767 1114 3846; x_wconf 85' lang='lat' dir='ltr'>brevirostri,</span> <span class='ocrx_word' id='word_1_262' title='bbox 1144 3765 1292 3849; x_wconf 86' lang='lat' dir='ltr'>pedicello</span> 
     </span>
     <span class='ocr_line' id='line_1_34' title="bbox 47 3863 1292 3955; baseline -0.002 -20"><span class='ocrx_word' id='word_1_263' title='bbox 47 3863 215 3952; x_wconf 72' lang='lat' dir='ltr'>susilano,</span> <span class='ocrx_word' id='word_1_264' title='bbox 237 3873 305 3939; x_wconf 87' lang='lat' dir='ltr'>basi</span> <span class='ocrx_word' id='word_1_265' title='bbox 321 3873 460 3952; x_wconf 84' lang='lat' dir='ltr'>iubente,</span> <span class='ocrx_word' id='word_1_266' title='bbox 483 3891 611 3955; x_wconf 89' lang='lat' dir='ltr'>superne</span> <span class='ocrx_word' id='word_1_267' title='bbox 626 3872 822 3950; x_wconf 78' lang='lat' dir='ltr'>flavescente3</span> <span class='ocrx_word' id='word_1_268' title='bbox 846 3872 959 3938; x_wconf 89' lang='lat' dir='ltr'>annulo</span> <span class='ocrx_word' id='word_1_269' title='bbox 982 3890 999 3937; x_wconf 89' lang='lat' dir='ltr'>e</span> <span class='ocrx_word' id='word_1_270' title='bbox 1020 3869 1141 3936; x_wconf 90' lang='lat' dir='ltr'>cellulis</span> <span class='ocrx_word' id='word_1_271' title='bbox 1163 3869 1292 3935; x_wconf 89' lang='lat' dir='ltr'>minutis</span> 
     </span>
     <span class='ocr_line' id='line_1_35' title="bbox 47 3972 1293 4060; baseline -0.008 -13"><span class='ocrx_word' id='word_1_272' title='bbox 47 3973 195 4053; x_wconf 54' lang='lat' dir='ltr'>competo,</span> <span class='ocrx_word' id='word_1_273' title='bbox 227 3977 399 4060; x_wconf 85' lang='lat' dir='ltr'>peristomii</span> <span class='ocrx_word' id='word_1_274' title='bbox 429 3977 570 4042; x_wconf 87' lang='lat' dir='ltr'>dentibus</span> <span class='ocrx_word' id='word_1_275' title='bbox 601 3977 640 4043; x_wconf 91' lang='lat' dir='ltr'>ad</span> <span class='ocrx_word' id='word_1_276' title='bbox 662 3978 782 4060; x_wconf 89' lang='lat' dir='ltr'>partem</span> <span class='ocrx_word' id='word_1_277' title='bbox 809 3976 985 4042; x_wconf 88' lang='lat' dir='ltr'>subulatam</span> <span class='ocrx_word' id='word_1_278' title='bbox 1007 3975 1100 4058; x_wconf 84' lang='lat' dir='ltr'>longa</span> <span class='ocrx_word' id='word_1_279' title='bbox 1122 3972 1293 4056; x_wconf 79' lang='lat' dir='ltr'>pupillosis.</span> 
     </span>
     <span class='ocr_line' id='line_1_36' title="bbox 48 4061 527 4160; baseline -0.006 -12"><span class='ocrx_word' id='word_1_280' title='bbox 48 4061 123 4148; x_wconf 72' lang='lat' dir='ltr'>Boot.</span> <span class='ocrx_word' id='word_1_281' title='bbox 141 4096 197 4144; x_wconf 71' lang='lat' dir='ltr'>eu.</span> <span class='ocrx_word' id='word_1_282' title='bbox 221 4079 292 4148; x_wconf 83' lang='lat' dir='ltr'>vu.</span> <span class='ocrx_word' id='word_1_283' title='bbox 309 4083 335 4160; x_wconf 87' lang='lat'>1,</span> <span class='ocrx_word' id='word_1_284' title='bbox 358 4081 436 4146; x_wconf 76' lang='lat' dir='ltr'>Tab.</span> <span class='ocrx_word' id='word_1_285' title='bbox 457 4079 527 4146; x_wconf 75' lang='lat' dir='ltr'>loc.</span> 
     </span>
     <span class='ocr_line' id='line_1_37' title="bbox 47 4165 921 4269; baseline 0.019 -37"><span class='ocrx_word' id='word_1_286' title='bbox 47 4165 176 4244; x_wconf 72' lang='lat' dir='ltr'>lissidona</span> <span class='ocrx_word' id='word_1_287' title='bbox 195 4185 355 4250; x_wconf 72' lang='lat' dir='ltr'>stridulus</span> <span class='ocrx_word' id='word_1_288' title='bbox 378 4203 443 4250; x_wconf 84' lang='lat' dir='ltr'>var.</span> <span class='ocrx_word' id='word_1_289' title='bbox 468 4184 574 4268; x_wconf 77' lang='lat' dir='ltr'>major</span> <span class='ocrx_word' id='word_1_290' title='bbox 593 4183 694 4250; x_wconf 85' lang='lat' dir='ltr'>W1cs.</span> <span class='ocrx_word' id='word_1_291' title='bbox 717 4184 819 4269; x_wconf 83' lang='lat' dir='ltr'>Bryol.</span> <span class='ocrx_word' id='word_1_292' title='bbox 842 4184 921 4249; x_wconf 90' lang='lat' dir='ltr'>Brit.</span> 
     </span>
     <span class='ocr_line' id='line_1_38' title="bbox 45 4271 1292 4372; baseline -0.008 -14"><span class='ocrx_word' id='word_1_293' title='bbox 45 4271 128 4358; x_wconf 71' lang='lat' dir='ltr'>laun</span> <span class='ocrx_word' id='word_1_294' title='bbox 148 4289 270 4372; x_wconf 72' lang='lat' dir='ltr'>ruripcs.</span> <span class='ocrx_word' id='word_1_295' title='bbox 317 4289 454 4353; x_wconf 87' lang='lat' dir='ltr'>Plantae</span> <span class='ocrx_word' id='word_1_296' title='bbox 476 4287 662 4368; x_wconf 84' lang='lat' dir='ltr'>submersae,</span> <span class='ocrx_word' id='word_1_297' title='bbox 685 4287 819 4354; x_wconf 86' lang='lat' dir='ltr'>unciales</span> <span class='ocrx_word' id='word_1_298' title='bbox 842 4288 875 4353; x_wconf 88' lang='lat' dir='ltr'>et</span> <span class='ocrx_word' id='word_1_299' title='bbox 897 4284 1078 4364; x_wconf 85' lang='lat' dir='ltr'>biunciales,</span> <span class='ocrx_word' id='word_1_300' title='bbox 1101 4283 1170 4366; x_wconf 89' lang='lat' dir='ltr'>plus</span> <span class='ocrx_word' id='word_1_301' title='bbox 1191 4282 1292 4349; x_wconf 91' lang='lat' dir='ltr'>miuus</span> 
     </span>
    </p>

    <p class='ocr_par' dir='ltr' id='par_1_8' title="bbox 126 4386 1291 4475">
     <span class='ocr_line' id='line_1_39' title="bbox 126 4386 1291 4475; baseline -0.001 -23"><span class='ocrx_word' id='word_1_302' title='bbox 126 4405 266 4468; x_wconf 74' lang='lat' dir='ltr'>mmomc,</span> <span class='ocrx_word' id='word_1_303' title='bbox 288 4391 386 4457; x_wconf 90' lang='lat' dir='ltr'>luride</span> <span class='ocrx_word' id='word_1_304' title='bbox 410 4390 532 4457; x_wconf 85' lang='lat' dir='ltr'>virides.</span> <span class='ocrx_word' id='word_1_305' title='bbox 576 4391 735 4458; x_wconf 80' lang='lat' dir='ltr'>Foliorum</span> <span class='ocrx_word' id='word_1_306' title='bbox 758 4390 896 4475; x_wconf 86' lang='lat' dir='ltr'>margine</span> <span class='ocrx_word' id='word_1_307' title='bbox 919 4389 1082 4467; x_wconf 86' lang='lat' dir='ltr'>crassiore,</span> <span class='ocrx_word' id='word_1_308' title='bbox 1114 4386 1291 4470; x_wconf 84' lang='lat' dir='ltr'>plerumque</span> 
     </span>
    </p>

    <p class='ocr_par' dir='ltr' id='par_1_9' title="bbox 124 4489 1293 4578">
     <span class='ocr_line' id='line_1_40' title="bbox 124 4489 1293 4578; baseline 0 -24"><span class='ocrx_word' id='word_1_309' title='bbox 124 4489 212 4559; x_wconf 85' lang='lat' dir='ltr'>luteo.</span> <span class='ocrx_word' id='word_1_310' title='bbox 259 4493 395 4578; x_wconf 75' lang='lat' dir='ltr'>capsula</span> <span class='ocrx_word' id='word_1_311' title='bbox 427 4495 459 4561; x_wconf 92' lang='lat' dir='ltr'>in</span> <span class='ocrx_word' id='word_1_312' title='bbox 481 4493 628 4578; x_wconf 88' lang='lat' dir='ltr'>pedicello</span> <span class='ocrx_word' id='word_1_313' title='bbox 651 4495 795 4562; x_wconf 86' lang='lat' dir='ltr'>solidiore</span> <span class='ocrx_word' id='word_1_314' title='bbox 817 4497 887 4561; x_wconf 90' lang='lat' dir='ltr'>tota</span> <span class='ocrx_word' id='word_1_315' title='bbox 908 4492 1102 4578; x_wconf 88' lang='lat' dir='ltr'>longitudine</span> <span class='ocrx_word' id='word_1_316' title='bbox 1133 4491 1293 4573; x_wconf 81' lang='lat' dir='ltr'>rufo-pur·</span> 
     </span>
    </p>

    <p class='ocr_par' dir='ltr' id='par_1_10' title="bbox 126 4597 863 4683">
     <span class='ocr_line' id='line_1_41' title="bbox 126 4597 863 4683; baseline 0.005 -22"><span class='ocrx_word' id='word_1_317' title='bbox 126 4611 222 4678; x_wconf 83' lang='lat' dir='ltr'>purae,</span> <span class='ocrx_word' id='word_1_318' title='bbox 245 4597 313 4680; x_wconf 87' lang='lat' dir='ltr'>ipsa</span> <span class='ocrx_word' id='word_1_319' title='bbox 335 4599 475 4680; x_wconf 89' lang='lat' dir='ltr'>solidior,</span> <span class='ocrx_word' id='word_1_320' title='bbox 497 4598 609 4683; x_wconf 89' lang='lat' dir='ltr'>major,</span> <span class='ocrx_word' id='word_1_321' title='bbox 630 4599 863 4667; x_wconf 85' lang='lat' dir='ltr'>rulo-brunnea.</span> 
     </span>
    </p>
   </div>
   <div class='ocr_carea' id='block_1_6' title="bbox 76 4699 1082 4762">
    <p class='ocr_par' dir='ltr' id='par_1_11' title="bbox 76 4699 1082 4762">
     <span class='ocr_line' id='line_1_42' title="bbox 76 4699 1082 4762; baseline 0.019 -22"><span class='ocrx_word' id='word_1_322' title='bbox 76 4699 194 4760; x_wconf 65' lang='lat' dir='ltr'>senum</span> <span class='ocrx_word' id='word_1_323' title='bbox 208 4709 322 4762; x_wconf 74' lang='lat' dir='ltr'>smpau.</span> <span class='ocrx_word' id='word_1_324' title='bbox 349 4713 392 4753; x_wconf 70' lang='lat' dir='ltr'>nd.</span> <span class='ocrx_word' id='word_1_325' title='bbox 406 4713 441 4754; x_wconf 91' lang='lat'>11.</span> <span class='ocrx_word' id='word_1_326' title='bbox 1065 4699 1082 4752; x_wconf 80' lang='grc'>8</span> 
     </span>
    </p>
   </div>
   <div class='ocr_carea' id='block_1_7' title="bbox 0 0 1598 5230">
    <p class='ocr_par' dir='ltr' id='par_1_12' title="bbox 0 0 1598 5230">
     <span class='ocr_line' id='line_1_43' title="bbox 0 0 1598 5230; baseline 0 8"><span class='ocrx_word' id='word_1_327' title='bbox 0 0 1598 5230; x_wconf 95' lang='lat' dir='ltr'> </span> 
     </span>
    </p>
   </div>
  </div>
 </body>
</html>
