3208 5214
561 259 729 322 wanlosae.

416 485 449 540 4.
486 484 676 540 Dicranum
697 485 878 542 falcatum.

497 606 602 666 Huun.
625 608 673 680 Sp.
696 607 787 665 blase.

130 727 210 794 Denso
229 733 259 796 et
279 733 456 800 densissime
478 736 693 818 caespitosum
717 738 870 818 caespites
893 736 1103 803 atro-uirides.
1141 737 1245 802 Oculis
1269 757 1285 802 e

72 825 120 890 basi
131 835 258 910 prostrata
272 837 440 916 ascendens,
457 841 569 918 tenuis,
585 840 801 918 eradicnlosus‚
822 840 937 906 inferne
951 840 1132 918 denudatus,
1154 841 1286 925 fragilis.

74 927 134 994 lol'u
149 934 389 1018 hamato-sulcata,
412 943 753 1023 lanmolato-subulata,
776 944 881 1008 omnia
895 943 932 1009 ad
948 963 1040 1009 unum
1056 945 1140 1010 latus
1156 943 1285 1027 dejecta.

75 1031 167 1112 lopun
178 1037 202 1101 in
215 1041 353 1122 pedicello
369 1046 507 1111 breviore
523 1047 674 1112 crassiore
693 1066 843 1129 purpureo
859 1047 1049 1124 abbreviata,
1072 1047 1285 1126 crassiusoula,

74 1137 167 1217 turgide,
184 1145 277 1224 solida,
297 1149 451 1226 estriata„
461 1151 542 1214 collo
565 1151 651 1215 brevi
675 1151 724 1214 vix
740 1153 904 1216 strumoso.
940 1150 1122 1233 Operculum
1139 1169 1285 1234 magnum

74 1240 247 1328 eculioslrum,
279 1252 418 1337 margine
449 1254 541 1319 laevi.
589 1255 730 1318 Anneius
763 1255 1013 1338 angustissimus.
1065 1255 1284 1321 Peristomium

73 1343 228 1428 illumillum,
248 1357 385 1422 saturato
406 1376 600 1440 purpureum.
648 1358 751 1441 Bryol.
775 1377 838 1423 eur.
872 1358 941 1424 Vol.
959 1360 984 1438 I,
1006 1360 1083 1424 Tali.
1100 1358 1154 1425 65.

73 1461 203 1536 tirenum
219 1475 365 1558 [meolam
391 1481 498 1546 tuneo
521 1481 622 1546 erecto
645 1483 700 1545 sut
722 1479 881 1559 reclinato,
905 1480 988 1546 foliis
1004 1482 1035 1545 in
1050 1499 1141 1546 unam
1164 1483 1283 1561 perlem

146 1575 258 1645 bicalim
279 1582 430 1662 incurvis,
460 1583 638 1667 sporangiis
661 1583 784 1666 oblique
807 1583 1037 1667 pyriformibus‚
1068 1583 1209 1665 operculo
1231 1583 1286 1649 ob·

66 1675 70 1682 ’
146 1677 209 1762 lique
227 1687 369 1753 rostrato.
414 1688 525 1752 Huuw.
550 1686 601 1768 Sp.
626 1687 723 1754 illuso.
747 1707 777 1770 p.
798 1687 870 1764 150,
893 1687 928 1752 T.
945 1686 996 1753 32.

100 1777 165 1844 llas.
182 1787 208 1848 et
226 1787 315 1855 licen
337 1793 377 1856 B.
394 1791 429 1856 Τ.
465 1792 513 1854 Du
529 1791 646 1855 Nouos
665 1789 784 1874 Syllab.
801 1792 832 1856 et
849 1791 930 1872 Epil.
966 1791 1091 1856 Hranrr.
1107 1790 1221 1858 Skand.
1238 1791 1284 1854 lll.

146 1886 188 1954 lin.
207 1895 235 1956 et
254 1893 321 1959 Son.
346 1894 454 1977 Bryol.
479 1914 541 1959 eur.
588 1893 717 1960 Wrusou
739 1895 846 1978 Bryol.
870 1896 950 1960 Brii.

71 1983 223 2071 (inopiosas
239 1997 377 2078 sabucus
399 1998 490 2062 Bam.
515 1998 621 2080 Bryol.
644 1997 727 2062 univ.

130 2091 213 2161 lion.
232 2101 267 2164 sol
294 2121 387 2184 mpes
416 2102 448 2166 et
470 2102 586 2165 terram
608 2101 743 2184 regionis
767 2101 888 2183 alpinae
913 2102 947 2166 et
974 2099 1204 2182 snpraelpinae‚
1234 2119 1288 2182 per

67 2207 143 2258 tilam
161 2202 272 2268 mmmm
294 2208 390 2287 atque
413 2204 702 2286 septentrionalem
724 2204 756 2268 in
781 2205 941 2269 Helvetiae
964 2203 1084 2285 alpibus
1106 2205 1288 2286 praeprimis
1415 2270 1420 2277 .

65 2293 87 2355 in
103 2317 195 2414 summa
214 2307 352 2391 Grimeel,
378 2328 513 2374 necnon
537 2309 570 2372 in
594 2329 634 2374 m.
659 2310 725 2374 Ben
750 2310 840 2374 More
862 2312 894 2374 et
917 2310 983 2374 Bon
1014 2311 1144 2374 Imouore
1167 2309 1288 2376 Scotiae

63 2406 237 2594 ἕζὲῐρῡῑξειίξξι
258 2412 434 2488 observari3
463 2413 502 2478 cl.
526 2412 691 2478 Senonum
721 2414 850 2478 formam
881 2415 1076 2496 graciliorem
1105 2415 1135 2478 in
1161 2414 1288 2480 summis
1361 2477 1365 2486 ,

124 2609 211 2680 From
232 2629 342 2685 mmor.
393 2622 548 2702 Augusto,
571 2619 755 2703 Septembri.

111 2721 240 2814 'unone
265 2733 298 2788 D.
320 2732 440 2792 Scarbia·
461 2733 565 2790 habitu
588 2732 756 2806 graciliore,
788 2731 968 2805 caespitibus
990 2734 1188 2806 densioribus,
1211 2734 1288 2794 loliis

62 2807 290 2876 leonnatoinloaiie
306 2819 441 2877 exactius
463 2818 606 2888 secundia
629 2819 723 2878 colore
747 2837 762 2876 e
786 2821 918 2878 salutate
934 2819 1019 2879 viridi
1043 2820 1072 2878 in
1096 2820 1287 2896 nigricantem

61 2893 196 2970 transeunte,
215 2906 331 2977 capsula
347 2907 379 2963 in
397 2905 537 2978 pedicello
553 2905 684 2964 breviore
699 2906 840 2964 crassiore
857 2906 989 2976 nemete,
1013 2907 1130 2981 turgide
1146 2909 1290 2967 crassius·

61 2974 112 3040 inlr.
128 2983 249 3060 solidiore,
271 2993 441 3065 peristomio
465 2991 574 3066 majore
597 2993 739 3052 intensius
762 3011 915 3067 purpureo.

443 3185 471 3239 b.
508 3181 697 3241 Dicranum
717 3182 852 3252 Blyttll.

541 3305 639 3379 Bryol.
662 3322 760 3378 europ.

117 3427 253 3512 t'aespites
268 3437 393 3513 molles,
418 3435 644 3501 inem-virides.
679 3435 782 3501 Caulis
799 3436 916 3500 erectus
932 3434 1170 3513 commissimus,
1193 3433 1289 3500 ramis

57 3527 138 3591 uneie
156 3533 320 3620 fragilibus.
359 3539 449 3604 Folia
464 3557 481 3603 e
496 3538 565 3604 basi
587 3541 689 3604 erecta
711 3539 902 3605 subsecunda
923 3538 972 3604 vol
994 3537 1126 3619 undique
1141 3537 1290 3603 flexuoso-

55 3629 170 3714 ululis,
189 3641 368 3708 terminalia
390 3643 561 3720 comantia,
584 3642 740 3718 breviora,
763 3643 959 3726 angustiora,
989 3642 1076 3706 costa
1098 3640 1288 3708 tenuissima.

56 3725 106 3793 flii
123 3745 259 3809 masculus
287 3745 328 3811 ad
359 3745 467 3828 pedem
490 3746 707 3812 innovationis.
754 3746 978 3810 Periobeetium
1007 3745 1098 3827 longe
1129 3744 1288 3830 saginans.

53 3835 152 3916 Calicia
169 3867 286 3926 cernua,
311 3850 451 3927 incurva,
474 3848 613 3926 astricta,
637 3848 847 3926 simulacris,
878 3849 992 3913 annulo
1015 3849 1156 3931 angusto.
1202 3848 1290 3915 Peri-

54 3939 129 4008 annii
147 3949 244 4017 dentes
265 3953 477 4038 augustiores,
492 3952 635 4018 siccitate
656 3951 768 4017 inflexi.
797 3951 902 4034 Rryol.
918 3969 979 4017 eur.
1009 3951 1077 4016 Vol.
1095 3951 1120 4030 l,
1144 3952 1219 4017 Tab.
1237 3950 1289 4018 63.

53 4057 194 4133 Ilioneum
215 4073 330 4158 Blyttii
352 4073 411 4138 Ba.
432 4076 466 4139 el
488 4071 560 4138 Sca.
584 4072 678 4155 Bryol
701 4090 764 4137 eur.
788 4070 811 4136 l.
828 4089 853 4136 c.

115 4185 207 4257 lintri.
231 4193 261 4258 in
286 4194 414 4275 rupibus
436 4193 621 4278 graniticis‚
644 4191 936 4276 mieeeeie„regi0nis
952 4191 1086 4272 alpinam
1117 4192 1149 4256 in
1172 4210 1290 4256 summo

50 4291 127 4352 'lille
146 4295 302 4381 Serapione
325 4298 487 4363 Helvetiae
508 4296 547 4361 sd
569 4314 659 4379 mpes
674 4296 906 4360 Rhododecdro
928 4293 1079 4359 umbratis
1102 4312 1182 4359 anno
1208 4292 1291 4358 loro

45 4391 219 4468 ‘lllosissime
241 4401 318 4484 legi,
341 4420 478 4466 necnon
501 4400 590 4466 annis
615 4398 698 4463 1812
720 4399 753 4465 et
779 4397 861 4463 1843
883 4398 915 4461 in
937 4395 1067 4478 Alpibus
1091 4395 1292 4479 Noeesclder-

50 4487 148 4560 Torum
168 4501 376 4587 Salisburgiae
409 4505 442 4567 et
465 4503 587 4568 Gemini
618 4503 792 4582 Helvetiae,
824 4504 856 4566 et
886 4519 965 4565 auno
996 4498 1078 4566 1865
1109 4498 1140 4564 in
1170 4517 1291 4564 summo

43 4589 139 4668 belbe
160 4605 222 4670 Bm
245 4607 348 4672 More.
394 4608 430 4671 In
453 4607 625 4690 Norvegiee
646 4606 777 4688 Alpibus
797 4605 871 4670 clar.
895 4604 1014 4679 Burro,
1038 4603 1086 4666 cui
1108 4602 1291 4679 dedicatum,

81 4710 196 4766 litulmt,
210 4719 328 4770 Bpuopsla.
348 4721 388 4759 Sil.
405 4721 438 4761 11.
1069 4705 1085 4760 6
