3402 5234
744 261 905 318 Pottiaceac.
1401 266 1464 332 213

182 436 330 502 contorti.
375 437 489 522 Speras
526 437 687 518 minimae,
726 437 884 518 luteciae,
922 439 1035 506 laeves.
1079 439 1186 524 Bryol.
1224 458 1287 510 eur.
1325 439 1395 506 Vol.
1425 441 1467 522 II,

182 542 261 608 Tab.
282 541 353 608 144.

184 665 333 730 Barbula
350 666 522 750 paludosa,
545 667 632 733 caule
654 666 746 751 longo
768 685 891 733 ramoso
909 665 1083 751 fastigiata,
1105 665 1188 733 foliis
1203 665 1382 732 lanceolatis
1398 685 1467 733 ero·

295 768 338 834 sis
368 769 504 852 patulis,
539 771 628 836 theca
659 771 770 850 ovata,
802 771 942 853 operculo
973 771 1066 856 longa
1097 772 1235 837 curato.
1280 771 1463 839 susurras.

295 873 403 957 Suppl.
426 875 452 954 1,
475 895 505 958 p.
532 873 603 954 tal,
627 875 701 942 Tab.
727 873 779 942 30.

228 978 372 1044 Sununnz
394 979 521 1045 Recens.
565 979 656 1044 Brun.
680 978 785 1063 Brpol.
808 979 891 1046 unis.
926 979 1027 1047 Hocn.
1052 982 1084 1046 et
1106 979 1206 1047 Gaas.
1230 977 1340 1046 Edinb.
1356 978 1465 1046 lourn.

296 1083 344 1146 Du
366 1082 486 1148 Nauna.
509 1082 594 1165 Spec.
618 1081 696 1168 Syll.
721 1084 753 1148 et
775 1083 858 1166 lipil.
881 1083 1058 1168 (Tertulla),
1087 1082 1119 1150 C.
1141 1083 1276 1149 Marma
1298 1082 1428 1167 Syncps.

183 1187 334 1252 Barbula
357 1207 464 1252 crocea
487 1186 577 1252 Brun.
598 1185 697 1252 Mant.
743 1187 834 1254 wm.
857 1187 889 1253 et
911 1187 1010 1254 Mona
1031 1188 1101 1255 Bot.
1124 1186 1255 1254 Taschb.

183 1293 260 1357 Var.
283 1296 314 1370 β.
338 1289 531 1368 litatione,
555 1291 719 1370 humilior,
741 1290 900 1376 gracilior,
923 1291 1129 1375 subsimpler,
1160 1292 1243 1359 foliis
1265 1290 1464 1373 brevioribus,

296 1395 424 1477 capsula
445 1394 573 1474 minore,
596 1395 737 1478 operculo
759 1414 813 1479 pro
836 1397 954 1464 ratione
976 1395 1126 1482 longiore.

184 1498 334 1564 Barbula
357 1497 545 1578 bicubiauc,
579 1499 664 1564 caule
694 1498 805 1584 gracili
828 1501 1027 1580 subramosc‚
1058 1499 1143 1566 icliis
1176 1497 1466 1566 ovato-lanceolatis

296 1602 396 1669 acutis
419 1602 567 1668 cannabis
590 1603 730 1670 canavis
752 1603 894 1688 margine
914 1603 1016 1686 planis
1039 1602 1284 1687 erecto-patulis,
1307 1601 1397 1668 theca
1412 1603 1468 1670 ob-

294 1707 397 1791 longa,
421 1708 557 1786 acuatu,
581 1707 722 1790 operculo
744 1707 895 1774 subulatc.
941 1707 1083 1776 senuna
1105 1709 1234 1776 Recens.
1256 1706 1349 1774 Barb.
1364 1705 1467 1786 Mt,

298 1812 373 1877 Tab.
390 1809 461 1877 33..
489 1812 578 1876 Bam.
601 1811 706 1896 Brpcl.
730 1811 814 1878 univ.

274 1934 383 1998 Hubll.
407 1933 439 1999 iu
463 1933 543 2012 udis,
566 1932 748 2016 praeprimis
771 1934 919 2000 calcaneis
941 1933 1087 2017 lapidosis
1103 1953 1158 2016 per
1170 1933 1298 2018 Alpium
1312 1932 1468 2019 regionem

184 2037 375 2104 interiorem:
399 2037 522 2120 copiosa
545 2039 593 2103 est
616 2037 648 2102 iu
670 2037 817 2104 Austriae
839 2057 956 2122 super,
979 2037 1204 2122 Salisburgiae,
1227 2037 1393 2117 Bavariae,
1416 2056 1467 2104 ra·

182 2144 249 2210 rior
271 2143 304 2208 iu
326 2140 489 2208 Helvetiae
513 2141 645 2223 Alpibus
675 2143 820 2209 calcareis
850 2145 883 2209 et
904 2143 938 2208 in
960 2142 1109 2210 montosis
1132 2142 1327 2210 formationis
1349 2143 1468 2228 Napel-

181 2246 249 2332 flua
282 2247 315 2312 et
336 2246 474 2311 Malacae
507 2245 617 2311 dictae.
663 2246 763 2329 Prope
785 2245 984 2314 Monaehinm
1016 2246 1153 2313 sterilem
1184 2247 1284 2331 reperi
1314 2245 1353 2314 ad
1383 2245 1467 2329 ripas
1558 2306 1566 2318 .

67 2373 70 2378 ·
184 2351 217 2416 fl.
242 2351 329 2429 Isau,
353 2350 487 2416 fertilem
508 2348 540 2414 in
563 2349 666 2417 vicina
689 2351 778 2435 sylva
802 2351 1005 2417 craneaald.
1044 2352 1081 2417 In
1096 2351 1264 2436 Pyrenaeis
1287 2370 1332 2434 pr.
1357 2351 1467 2418 Baua·

184 2456 313 2520 Benace
333 2455 384 2540 (cl.
407 2455 465 2520 Aa.
482 2472 522 2519 nn
537 2453 693 2540 Murcus).
722 2455 758 2519 In
775 2455 870 2521 Italia
886 2455 1041 2538 superiore
1063 2455 1126 2541 (Du
1140 2455 1231 2535 Nou,
1255 2455 1466 2536 Gnaeuscmo,

183 2561 271 2638 Irusn,
295 2559 460 2645 Vasacen).
505 2557 705 2626 Desideratur
727 2559 759 2624 iu
781 2559 944 2626 Britannia
967 2559 1060 2643 atque
1081 2558 1114 2624 in
1136 2559 1350 2626 scandinavia.

275 2663 384 2730 Fruet.
408 2671 525 2728 matur.
549 2665 725 2731 auctumno.

273 2775 377 2834 Variat
405 2775 606 2852 magnitudine
633 2777 801 2851 plantarum
831 2777 919 2850 atquc
945 2775 1038 2835 forma
1069 2777 1215 2850 capsulae.
1261 2773 1466 2837 Peristomium

182 2863 305 2938 saepius
327 2881 380 2938 pro
402 2867 487 2938 parte
510 2863 555 2924 vel
580 2865 673 2923 toturn
696 2863 831 2938 operculo
853 2862 973 2923 labente
996 2863 1133 2923 avellitur
1155 2864 1199 2926 ita
1223 2867 1255 2925 nt
1278 2863 1399 2938 capsula
1415 2862 1466 2921 de·

183 2951 358 3026 operculata
380 2969 445 3012 raro
469 2969 534 3010 cum
557 2950 724 3025 peristomio
747 2967 799 3010 suo
822 2949 937 3025 integra
960 2950 1132 3024 reperiatur.

611 3126 666 3184 80.
696 3124 851 3182 Barbula
872 3125 1040 3184 reuoluta.

656 3229 826 3290 Scuwrnca.
850 3230 951 3305 Suppl.
974 3232 998 3289 I.

274 3360 439 3443 compacte
461 3359 902 3445 subpulvinato·caespitulosa
933 3366 966 3429 et
991 3360 1179 3446 caespitesa,
1212 3359 1364 3444 caespites
1386 3361 1468 3427 laete

182 3465 299 3534 virides
322 3466 371 3533 uel
393 3465 606 3532 luscescentas.
650 3464 740 3534 Folia
762 3467 1037 3550 erecto-patentia,
1067 3463 1210 3534 siccitate
1240 3464 1403 3531 imbricata
1436 3465 1468 3531 et

180 3572 337 3650 contorta,
360 3569 542 3650 lanceolata,
566 3570 787 3648 obtusiuscnla
809 3571 869 3637 alis
884 3569 1045 3651 revolutis,
1068 3571 1154 3637 costa
1177 3587 1282 3637 crassa
1298 3568 1329 3634 in
1345 3586 1467 3636 mucro·

181 3696 255 3743 nem
278 3675 456 3752 excedente;
490 3674 721 3758 perichaetialia
744 3674 908 3760 elongata,
941 3674 1130 3759 vaginautia.
1175 3672 1324 3757 Calpptra
1349 3671 1466 3758 majus·

180 3781 263 3858 cula,
286 3779 326 3846 ad
348 3779 482 3845 mediam
505 3779 662 3862 capsulam
686 3779 843 3862 producta.
875 3778 1008 3862 Capsula
1025 3777 1174 3861 alliptica,
1196 3775 1359 3861 regularis,
1381 3776 1466 3842 ruso-

180 3883 366 3967 ferrugmea,
389 3881 537 3965 pedicello
560 3881 628 3948 basi
650 3880 767 3947 nnbcllo
790 3881 898 3948 dehinc
914 3880 1091 3948 straminea.
1138 3879 1322 3963 Opcrculum
1344 3879 1466 3946 conice·

179 3988 370 4055 subrrlatnm.
416 3985 558 4052 Annulus
581 3985 721 4068 simplex.
766 3984 947 4052 Peristomii
968 3985 1076 4051 dentes
1099 4003 1116 4051 e
1138 3982 1316 4050 membrana
1338 3983 1465 4050 basilari

178 4093 303 4172 latiore,
325 4090 468 4170 bisterti,
506 4089 646 4156 siccitate
676 4089 819 4156 dissoluti
851 4089 1048 4173 crispabilcs‚
1086 4088 1275 4169 tenuissimi,
1303 4088 1464 4174 purpurei.

179 4197 298 4280 Speras
330 4195 485 4275 minutae,
516 4195 665 4274 luteciae,
694 4195 815 4273 laeves,
846 4194 1027 4277 diaphanae.
1071 4193 1176 4279 Brpcl.
1200 4211 1304 4277 eurcp.
1327 4192 1396 4261 Vol.
1419 4194 1462 4273 Π,

178 4301 259 4368 Tul).
286 4300 358 4367 153.

179 4423 328 4490 Barbula
350 4423 489 4488 reuoluta
512 4421 597 4489 caule
618 4421 704 4487 tenui
726 4421 915 4500 sabramoso‚
938 4420 1022 4487 foliis
1036 4417 1297 4486 lato-lanceolatis
1312 4417 1461 4485 revolutis

291 4525 412 4606 erectis,
434 4527 524 4592 theca
545 4525 678 4611 oblonga
692 4525 831 4606 curvula,
854 4525 994 4608 operculo
1010 4523 1164 4592 mediocri.
1194 4523 1338 4591 Scuwun.
1354 4522 1460 4606 Suppl.

291 4631 318 4712 1,
340 4632 376 4697 P.
399 4631 425 4712 l,
447 4649 477 4714 p.
503 4628 573 4715 127,
594 4630 670 4697 Tab.
695 4629 746 4696 32.
