3374 5250
287 323 367 394 bit:
834 315 1032 383 Nectarcorroo

374 497 495 582 Species
524 497 695 578 complures
720 494 880 577 exoticas„
894 514 954 560 una
976 512 1134 576 europaeo,
1157 497 1248 561 notae
1270 499 1352 561 sunt.
1399 496 1567 561 maan

287 603 421 686 toparcs
448 603 576 685 (licon.)
606 600 705 666 Wrna
734 599 766 664 in
790 597 997 682 asportarit·
1027 598 1147 682 generis
1173 599 1288 682 proprii
1317 602 1386 677 est,
1418 619 1438 664 a
1461 603 1568 666 nostro

289 706 377 770 valde
405 703 535 784 diversi,
566 723 626 770 non
649 705 687 769 ad
711 704 750 768 L.
774 689 926 787 layum
945 701 1120 784 partimus,
1151 702 1203 767 sed
1226 703 1358 784 speciem
1383 704 1565 768 distinctam

288 809 410 888 sistens,
433 827 523 892 quam
546 809 585 874 ad
609 808 701 874 finem
723 807 795 872 libri
818 825 892 872 cum
909 804 1037 870 caeteris
1060 806 1173 870 muscis
1196 806 1364 888 europaeis
1389 806 1493 872 fructu
1514 809 1568 872 de-

289 914 411 980 ficiente
433 915 513 980 sedis
538 915 670 980 incertae
691 909 920 978 remanentibus
942 909 1113 974 describere
1136 910 1277 975 conabor.

719 1111 909 1169 Leucadon
932 1109 1134 1165 sciuroides.

703 1218 841 1293 Hypnum
872 1213 1029 1273 sciuroirles
1061 1213 1144 1271 Lrnn.

378 1348 534 1432 Gaeapites
557 1349 694 1433 rigidnli,
717 1350 780 1415 late
803 1346 929 1424 ortensi,
952 1341 1115 1427 fastigiati,
1139 1341 1278 1406 saturata
1302 1339 1350 1406 vel
1367 1340 1518 1406 oliraceo-
1540 1348 1572 1404 et

289 1451 514 1516 lusco-virides.
560 1452 669 1521 Cautes
692 1451 901 1520 secundariis
924 1447 1070 1530 primario
1092 1449 1217 1528 repente
1239 1445 1358 1510 arcuati
1381 1444 1430 1509 vel
1463 1445 1570 1510 erecti.

289 1555 375 1622 Folia
402 1556 579 1622 densissime
610 1558 760 1634 conforta,
799 1555 922 1621 madore
952 1550 1103 1634 patentia,
1140 1549 1281 1616 siccitate
1319 1549 1485 1614 imbricata
1524 1551 1570 1614 sel

289 1657 431 1735 secunda,
453 1658 742 1736 ovato-lanceolata,
765 1661 853 1726 acute
868 1656 1053 1730 acuminata,
1075 1653 1286 1738 integerrima,
1308 1655 1458 1726 ecostata,
1481 1655 1571 1736 qain-

290 1759 373 1841 quies
397 1762 657 1842 plicato-sulcata.
703 1763 790 1828 Folia
813 1760 1043 1845 pericbaetialia
1067 1759 1192 1842 pallida,
1216 1759 1437 1844 angustissime
1460 1761 1571 1822 vermi-

289 1863 576 1942 colari-reticulate,
600 1866 679 1930 baud
703 1865 832 1931 sulcata.
878 1864 1025 1948 Calpptra
1048 1863 1175 1929 candida
1199 1863 1245 1928 rel
1269 1863 1457 1938 straminea,
1487 1864 1572 1944 apice

289 1966 501 2034 brunnesoens.
548 1969 680 2050 Capsula
709 1969 742 2036 in
775 1969 921 2052 pedicello
950 1971 1017 2034 rulo
1048 1969 1249 2036 crassiusoulo
1277 1968 1417 2032 siccitate
1440 1985 1570 2048 superne

288 2069 482 2138 dextrorsum
505 2075 588 2138 torto
603 2075 731 2150 exserta,
755 2073 996 2158 orato-oblonga
1017 2073 1066 2139 rel
1080 2072 1227 2155 elliptica,
1250 2071 1461 2148 microstoma,
1484 2073 1570 2135 tusca

290 2175 414 2242 tandem
453 2179 589 2242 saturata
617 2176 766 2256 brunnca,
805 2179 945 2259 operculo
975 2179 1096 2256 eonico,
1133 2176 1301 2242 concolora.
1347 2175 1569 2240 Peristomium

290 2281 438 2356 tenerum,
463 2277 609 2343 albidum.
654 2279 797 2344 Annulus
820 2283 969 2364 auguratus
992 2303 1008 2348 e
1031 2283 1152 2366 singula
1174 2282 1251 2347 serie
1273 2281 1458 2346 cellularum
1479 2277 1569 2344 effor-

290 2383 402 2448 matus.
448 2381 628 2448 Membrana
650 2383 821 2465 capsularis
844 2403 860 2449 e
883 2384 1001 2451 cellulis
1024 2385 1251 2469 leptodermiois
1275 2385 1312 2450 ad
1336 2383 1489 2448 orificium
1512 2383 1570 2446 mi-

288 2486 371 2550 nutis
394 2484 614 2566 pluriseriatis,
649 2486 765 2552 inlerne
788 2487 957 2571 majoribus
980 2491 1046 2554 rete
1069 2487 1251 2571 quadratum
1274 2488 1305 2550 et
1327 2487 1570 2569 hexagono-ree-

288 2589 449 2672 taugulum
471 2591 684 2660 formantibus.
730 2591 843 2674 Sporae
867 2592 994 2670 umidos,
1025 2591 1221 2676 majusculae,
1247 2589 1320 2670 3[ιοο
1338 2609 1412 2656 mm.
1438 2589 1569 2654 metien-

289 2696 347 2758 tes.
392 2694 497 2778 Bryol.
520 2713 583 2760 our.
609 2695 676 2761 Vol.
702 2695 737 2775 V,
760 2696 835 2762 Tab.
860 2695 935 2761 loa.

289 2813 444 2898 Hypatam
465 2817 625 2882 arboreum
648 2818 823 2887 sciuroidas.
870 2819 957 2888 Dran.
981 2817 1065 2881 llist
1088 2816 1186 2884 Musc.
1210 2835 1239 2898 p.
1263 2814 1338 2893 309,
1361 2817 1386 2879 t.
1410 2813 1464 2878 tt.

288 2915 444 3002 Hypatam
467 2920 651 3002 ociaroioles,
674 2920 802 2984 surculis
825 2923 935 2988 erectis
958 2921 1087 2986 ramosis
1109 2919 1289 2984 incurvatio.
1334 2917 1426 2984 brun.
1450 2917 1502 2999 Sp.
1520 2917 1565 2980 Pl.

288 3021 652 3190 accogniigfororaes
674 3125 858 3193 sennense.
882 3127 987 3210 Suppl.
1011 3129 1046 3206 l,
1077 3127 1113 3191 P.
1136 3127 1185 3204 11,
1216 3145 1246 3208 p.
1273 3127 1302 3190 l.
1347 3125 1439 3190 Bam.
1463 3124 1568 3208 Brpol.

233 3237 236 3244 ·
396 3227 478 3292 univ.
524 3228 580 3291 Ba.
616 3230 649 3292 ot
679 3229 752 3296 Sca.
786 3230 889 3314 Bryol.
920 3251 983 3297 eur.
1040 3231 1089 3296 Da
1124 3229 1264 3294 Nonaars
1302 3227 1378 3311 Syll.
1416 3232 1449 3293 et
1488 3227 1569 3310 Epil

397 3331 521 3396 Hsauu.
546 3333 657 3398 Skand.
681 3333 727 3398 ll.
774 3333 904 3400 Wuson
926 3335 1032 3419 Bryol.
1055 3335 1135 3399 Brit.

290 3450 431 3517 Neobcro
454 3455 627 3522 sciuroidea
643 3454 675 3520 O.
693 3455 828 3520 Mbctun
844 3457 983 3540 Synops.,
1007 3455 1145 3522 Subssct.
1162 3455 1373 3528 Euleueodorr,
1389 3451 1569 3518 blascorum

397 3555 512 3623 formas
535 3558 762 3626 diversissimas
786 3563 1008 3644 complectens!

293 3676 402 3757 Vana
425 3681 586 3744 morensis.
633 3681 765 3748 Plantae
786 3683 987 3760 robustiores,
1010 3680 1152 3744 loliorum
1175 3677 1325 3760 majorum
1350 3675 1476 3742 densius
1499 3696 1570 3742 eon·

399 3780 547 3847 sertorum
571 3782 782 3850 imbricatione
805 3784 1009 3862 incrassatae,
1042 3780 1238 3868 pericbaetiis
1271 3780 1463 3864 longioribus
1486 3789 1570 3848 arcte

398 3884 612 3968 saginantibus
643 3887 756 3968 pallide
785 3887 1021 3968 latescentibus,
1055 3887 1189 3969 capsulis
1218 3885 1571 3970 elongato-cylindricia

399 3989 449 4054 bic
471 3989 537 4054 illic
559 3991 762 4058 subarcuatia.

291 4113 448 4197 Hypasim
471 4131 610 4176 morenae
632 4110 796 4178 Soansrcn.
819 4113 851 4176 in
874 4113 980 4180 Sobel.

290 4217 455 4284 Leucodon
478 4217 631 4281 nomenoio
653 4215 837 4284 Scauruoa.
860 4217 966 4301 Suppl.
990 4219 1041 4296 lI,
1065 4218 1101 4284 P.
1125 4219 1158 4296 l,
1180 4236 1209 4300 p.
1231 4215 1285 4294 82,
1308 4218 1332 4282 t.
1361 4215 1434 4282 125.
1481 4219 1572 4284 Bam.

399 4322 504 4406 Bryol.
529 4322 611 4387 univ.

377 4445 486 4510 Hobit.
510 4444 550 4510 ad
571 4446 694 4510 truncos
717 4445 860 4510 arborum
883 4439 1067 4510 annosarum
1090 4443 1251 4526 praecipua
1265 4441 1449 4522 Quercuom,
1472 4443 1572 4509 ratim

291 4549 329 4614 ad
352 4567 456 4613 muros
479 4551 511 4613 et
534 4566 634 4629 rupes,
657 4547 709 4612 ubi
731 4548 908 4633 plerumque
931 4547 1058 4628 sterilis,
1081 4567 1134 4630 per
1157 4549 1255 4612 totam
1279 4545 1436 4630 Europam
1458 4547 1571 4632 nigros

293 4655 433 4736 excepta,
457 4659 558 4733 vara
580 4653 620 4718 ad
635 4653 841 4721 Montemoro
863 4653 1026 4720 Heluetiae
1047 4651 1282 4736 (Semnonum),
1304 4651 1519 4734 eopinoiesime
1542 4655 1573 4716 in
