3208 5214
645 289 831 347 Brncbiaeoae.
1333 280 1373 351 29

167 472 288 536 Heba.
313 470 346 534 in
371 488 492 534 summo
511 467 624 553 Vogesi
648 469 751 532 monte
775 465 941 531 Hebeneeb
963 466 1029 530 loeo
1053 463 1091 528 ad
1115 462 1245 528 mediam
1269 463 1373 528 aesia-

78 581 144 642 iem
170 595 274 658 usque
297 573 369 638 nivo
392 572 529 649 obiecto,
553 571 735 656 Kastelberp
752 571 845 648 dioto,
869 569 920 635 nbi
936 567 1065 634 deoiivia
1080 567 1233 652 uliginosa
1255 567 1373 651 grami-

81 699 156 745 nosa
178 697 265 762 aqua
290 677 390 742 nivali
415 677 548 740 irrorata
564 677 656 740 tenet.
692 673 882 739 Auroram
906 673 945 738 ab
960 671 1048 738 amia.
1065 672 1219 737 Monoaon
1242 671 1373 748 deiecta,

83 783 190 847 dehinc
218 783 261 846 ab
293 780 387 846 amic.
410 781 512 844 Barna
539 780 571 843 ei
598 797 616 842 a
646 797 694 843 rna
723 777 791 861 ipso
820 777 933 841 ibidem
956 777 1037 841 lecta
1068 777 1132 852 θεὶς
1164 775 1307 857 nuperius
1335 777 1373 841 oi.

86 887 138 953 Dr,
159 887 237 952 blm
261 885 373 950 Paron
403 884 435 949 in
466 883 563 948 latere
586 883 681 948 fossae
705 883 857 948 buriacam
880 880 918 946 ad
942 881 1092 944 Nittennu
1121 897 1213 961 propa
1237 879 1374 962 Amberg

87 991 283 1057 Palatinatus
307 989 478 1072 superioria
500 987 586 1071 legib,
609 987 683 1053 olor.
707 987 832 1054 Sandan
856 986 886 1049 in
909 985 1112 1068 Salisbnrgia.

175 1113 285 1177 eron.
311 1119 433 1176 rnatrrr.
465 1127 571 1175 mense
597 1109 720 1175 Octobri
745 1109 777 1173 in
799 1109 919 1192 Vogeso
942 1105 1095 1190 superiore
1121 1105 1153 1170 in
1180 1105 1303 1189 regione
1324 1104 1373 1168 in·

94 1217 195 1281 feriore
216 1233 325 1280 mense
348 1213 447 1280 Julio.

170 1345 244 1404 Clar.
261 1347 442 1412 Snaarvarm,
466 1343 498 1400 in
520 1342 580 1401 Tne
594 1343 694 1401 Minci
716 1341 753 1412 os
763 1342 810 1400 ibe
832 1340 938 1400 Unded
952 1339 1060 1412 Stoice,
1085 1343 1102 1398 5
1120 1339 1239 1413 hujusce
1256 1339 1371 1413 generis

97 1435 238 1490 enumerat
265 1432 392 1506 speciae,
423 1446 550 1504 quarum
572 1429 610 1487 B.
630 1432 760 1500 {dranosa
784 1429 916 1486 Scnwon.
939 1429 1058 1485 nostrae
1078 1427 1209 1501 proxima
1232 1428 1285 1484 est.
1331 1425 1372 1484 Ol.

92 1519 259 1579 Cilniana
285 1520 317 1578 in
343 1517 474 1593 Synopsi
498 1533 552 1574 sua
574 1515 684 1588 apooias
707 1533 770 1574 anm
785 1531 891 1589 genere
908 1518 1008 1573 nostro
1027 1513 1188 1588 conjungit,
1211 1531 1285 1588 quae
1309 1512 1370 1571 sine

94 1605 144 1662 ulio
164 1607 252 1664 dubio
278 1605 484 1664 excludendae
510 1603 585 1661 anni.

506 1849 536 1902 a.
573 1846 726 1903 Bruohia
747 1846 956 1903 trobaaiana.

549 1984 591 2044 Da
614 1986 687 2044 Nor.
710 1986 798 2045 Herb.
822 1989 915 2060 crypt.

169 2115 325 2192 Humilis,
348 2114 514 2180 minutula.
561 2115 650 2182 Folia
672 2117 808 2184 conserta
830 2137 847 2182 e
870 2118 937 2182 basi
960 2119 1061 2182 erecta
1083 2115 1238 2198 patentia,
1266 2113 1370 2178 infima

87 2219 218 2284 minima
240 2218 547 2296 ovato-lanceolata,
580 2220 679 2287 media
711 2223 743 2286 ab
772 2221 927 2304 superiora
955 2239 971 2286 a
995 2219 1059 2288 basi
1082 2219 1164 2285 ovali
1185 2221 1217 2284 ab
1240 2219 1370 2283 obovaba

81 2324 186 2388 subibo
207 2322 556 2402 lanceolam-subulam,
579 2325 809 2406 periebaabialia
831 2325 949 2408 majora
964 2346 981 2391 e
997 2325 1064 2391 basi
1079 2323 1241 2390 iatiusoula
1256 2323 1372 2404 pallida

84 2429 244 2506 subulam,
270 2428 375 2494 omnia
396 2427 608 2511 integerrima,
632 2430 744 2512 pallida
768 2430 888 2503 viridia.
909 2432 995 2496 costa
1012 2429 1179 2495 labiusoula
1194 2447 1263 2492 oum
1286 2427 1370 2509 apice

82 2533 226 2598 evanida.
265 2531 450 2598 Anbberidia
471 2533 503 2597 in
525 2532 666 2599 foliorum
690 2535 877 2617 superiorum
901 2533 1004 2600 axillis
1027 2533 1143 2608 binata.
1166 2532 1369 2615 cylindraoea

83 2638 267 2702 tmerrima
312 2635 462 2719 Calyptra
486 2637 826 2705 inflato-mitraemrmis
850 2639 1056 2714 basileion,
1080 2635 1176 2703 libera
1199 2637 1369 2712 sabolausa,

85 2741 236 2807 albicans.
285 2740 418 2822 eapsda
448 2741 480 2806 in
511 2741 657 2823 pedicello
689 2744 773 2808 brevi
807 2744 989 2809 subarcrrato
1020 2742 1212 2824 emergente,
1244 2759 1260 2804 o
1291 2739 1369 2805 eollo

88 2845 242 2910 tumidulo
277 2845 440 2928 sponmgio
464 2847 704 2932 subaequiiongo
726 2839 837 2925 ovilia,
866 2847 897 2911 in
921 2849 1055 2912 rostrum
1078 2845 1294 2910 reotiusculnm
1317 2862 1369 2908 an·

85 2953 222 3032 gustata
269 2949 385 3032 Sporae
405 2950 557 3016 maximae
581 2953 670 3017 valdo
700 2953 878 3035 papiilosae,
917 2951 1020 3034 Bryol.
1040 2969 1103 3015 eur.
1126 2949 1232 3031 Suppl.
1254 2949 1327 3014 fase.
1345 2949 1369 3026 Ι,

40 3091 60 3124 0
92 3055 129 3130 ΙΙ,
152 3055 276 3120 Tab.1.

89 3175 231 3240 madia
263 3175 448 3240 trohnaiono
474 3177 520 3241 Da
542 3177 619 3242 Non.
652 3177 683 3241 in
707 3177 805 3242 Herb.
829 3186 931 3262 erppt.
955 3177 1034 3258 naa,
1065 3177 1139 3241 iaso.
1166 3174 1311 3239 XXXVI.
1334 3176 1368 3237 ob

89 3277 156 3362 Epir
179 3283 220 3344 ai.
247 3277 346 3343 Briol.
370 3278 437 3346 ibai.
461 3300 490 3363 p.
514 3278 586 3348 729.

167 3401 259 3466 Hob.
285 3400 323 3463 ln
345 3403 435 3482 prato
458 3421 569 3482 macro,
592 3403 705 3484 aprico,
730 3403 837 3486 Lenpb
860 3403 993 3486 buttipin
1013 3401 1094 3466 dicto
1117 3419 1209 3484 propa
1229 3401 1367 3464 Probare

83 3504 171 3570 vallia
195 3505 353 3570 Introaca
382 3505 421 3570 ad
445 3505 618 3572 Verbanum
652 3507 702 3571 nbi
728 3507 775 3571 Da
798 3507 936 3571 Norbana
968 3525 1036 3571 vero
1073 3504 1155 3570 1862
1191 3504 1303 3569 doboxib
1334 3507 1367 3569 et

80 3609 175 3674 amieo
196 3606 453 3674 communicavit.

162 3731 289 3796 Matar.
336 3729 511 3812 Speoimina
543 3749 645 3795 mense
669 3730 771 3812 Aprili
802 3730 884 3795 loeta
915 3729 1033 3795 fructus
1063 3729 1142 3794 baud
1166 3731 1272 3794 exacte
1295 3749 1360 3794 ma·

84 3837 166 3902 imos
189 3835 351 3902 exhibent.

179 3963 265 4020 lnior
288 3961 404 4035 speeies
428 3961 569 4020 ambricae
592 3964 733 4036 sapienia
750 3963 805 4021 Br.
821 3961 952 4034 breoipee
966 3961 1058 4020 Hoon.
1075 3961 1201 4036 proxima
1219 3962 1255 4020 ad
1279 3961 1364 4035 pian-

81 4049 165 4108 iniam
190 4051 268 4108 hanc
294 4049 421 4108 accedit.
