3208 5214
627 237 795 294 Weisiacsae.
1306 238 1345 306 41

55 411 138 477 Var.
156 417 188 478 ἃ.
215 411 425 495 breolfoliom.
470 412 603 479 Plantae
626 412 819 492 tenerrimae,
842 411 1052 491 tenuissimae,
1076 431 1224 480 ramosae.
1263 410 1350 479 Folia

177 515 331 582 iuferiora
354 517 442 584 valde
464 519 582 582 remota
605 516 743 584 minima.
768 517 817 582 vir
839 515 1011 598 conspicua,
1034 517 1190 600 superiora
1212 517 1350 582 conlerla

177 623 294 686 orato·
317 622 350 685 et
371 621 703 705 oblongo-lanceolata,
726 639 743 687 e
766 620 866 686 medio
887 639 1024 699 recurras,
1048 621 1195 688 subacuta
1211 621 1258 686 vel
1282 639 1350 686 mu·

176 723 254 788 tica
302 724 437 807 (lapenla
459 722 589 791 minima
610 727 703 792 ovata
726 726 758 790 et
781 724 1036 809 orato-globosa,
1067 726 1207 808 operculo
1230 723 1350 790 brevius

177 827 345 912 longiusue
366 829 512 894 rostrato.
1304 838 1309 853 ’

72 947 291 1030 Gymocom.
316 950 490 1014 oirldolrou
506 948 610 1032 Bryol.
626 970 727 1033 europ.
743 950 820 1016 Tab.
838 949 896 1026 ΙΙΙ,
918 951 951 1017 ct
966 949 1169 1017 corollarium
1191 969 1220 1032 p.
1236 949 1268 1016 9.·
1300 949 1348 1014 Aa

181 1052 222 1116 G.
247 1053 424 1117 maeldum
447 1051 539 1116 Baro.
562 1052 667 1136 Bryol.
691 1052 801 1118 unia?

161 1171 273 1236 Hace.
297 1173 331 1238 in
353 1172 450 1238 muris
472 1172 506 1237 et
528 1172 559 1236 in
574 1173 698 1255 rupibus
716 1171 901 1258 Napelslule
923 1173 1013 1239 (lictis
1036 1193 1090 1239 nec
1113 1193 1174 1240 non
1196 1174 1352 1257 compacte

75 1274 221 1340 creatos
248 1295 304 1358 per
334 1275 491 1358 regionem
522 1274 751 1342 meridionalem
783 1278 815 1342 el
845 1278 948 1360 partes
977 1275 1192 1342 meridionalee
1218 1275 1352 1361 regionis

76 1377 294 1455 iutermmiam
328 1379 408 1444 satis
436 1377 559 1462 copiose
587 1381 618 1445 et
643 1379 848 1461 pulcherrime
878 1379 917 1446 ad
946 1379 1029 1462 ripas
1052 1379 1200 1463 abmptas
1223 1379 1254 1444 fl.
1278 1380 1353 1446 Ieur

78 1501 169 1565 prope
191 1481 409 1562 Monaohium,
439 1484 595 1548 caeterum
622 1481 717 1550 etiam
746 1483 810 1567 legi
838 1482 877 1548 ad
900 1502 1002 1550 muros
1025 1483 1105 1549 iuter
1130 1484 1298 1550 Montreux
1320 1484 1353 1549 et

85 1585 229 1670 l'oylouc
246 1587 287 1652 ad
303 1587 404 1652 lacum
421 1587 600 1666 lemanum,
615 1605 707 1670 propo
724 1588 845 1668 Airolo,
868 1585 900 1651 in
915 1586 1011 1652 muris
1026 1586 1106 1654 arcis
1122 1587 1298 1652 Altombro
1313 1585 1352 1652 ari

78 1689 253 1756 Grauatum
268 1689 450 1774 Hispaniae,
472 1689 512 1755 ab
534 1690 624 1756 amic.
639 1690 763 1756 Saurea
786 1709 878 1773 prope
894 1689 961 1755 Zell
981 1712 1034 1754 orn
1050 1691 1105 1756 See
1123 1710 1150 1756 e.
1166 1711 1195 1758 a.
1211 1692 1234 1757 l.
1252 1691 1352 1757 Salis·

79 1792 211 1878 luugiae,
235 1794 276 1860 ab
298 1793 391 1860 amic.
406 1795 573 1861 &umnec
594 1813 685 1877 prope
702 1795 805 1860 ,lacer
819 1794 886 1860 loco
903 1795 1099 1877 Moiedoder
1115 1795 1259 1861 Seiluelt
1273 1793 1353 1860 Sile-

78 1897 158 1976 siae,
192 1917 211 1964 a
244 1898 321 1964 clar.
344 1900 480 1964 Annono
505 1897 538 1963 in
568 1895 693 1981 rupibus
714 1898 901 1966 dolomiticie
933 1918 1025 1983 propo
1048 1899 1212 1977 Eichoteltt,
1236 1919 1255 1965 a
1277 1899 1352 1966 clar.

79 1999 209 2068 Domina
232 2001 548 2066 ruenni-urrannei
575 2002 614 2066 ad
636 2002 778 2080 Romam,
802 2023 821 2068 a
842 2002 880 2068 cl.
903 2002 1035 2068 Tuouus
1057 2001 1087 2068 iu
1110 2002 1262 2070 Sabandia
1284 2004 1316 2069 et
1338 2023 1357 2068 a

77 2105 114 2170 cl.
138 2105 327 2170 Daorrrrorm
355 2104 394 2171 ad
417 2105 518 2170 lacum
549 2105 691 2192 Wr’uipeq
713 2107 818 2172 Amor.
842 2107 919 2189 sept.
943 2106 1055 2172 lectum
1084 2105 1191 2173 habco.
1238 2105 1353 2186 Varii

75 2230 166 2293 prope
181 2209 301 2274 mmm
316 2208 401 2275 Gall.
425 2208 533 2274 merid.
556 2210 631 2276 clar.
655 2211 750 2276 Proal
773 2211 868 2295 legit;
891 2229 954 2278 var.
977 2238 1003 2295 γ.
1026 2231 1095 2277 cum
1120 2239 1140 2278 α
1165 2210 1197 2276 ἰιι
1212 2211 1354 2277 Sardinia

74 2315 147 2379 clar.
171 2313 230 2380 sa.
255 2312 411 2391 Munera,
442 2333 535 2397 prope
559 2315 681 2393 capos
703 2314 786 2382 Gall.
818 2314 923 2381 merid.
946 2315 1019 2382 lou.
1043 2315 1177 2380 uonna
1208 2315 1241 2382 et
1274 2314 1357 2397 ipsc;

77 2425 185 2484 raro
217 2436 317 2502 prope
344 2417 462 2483 Toolou
492 2418 532 2484 ol.
555 2417 694 2496 Duurno,
727 2437 819 2502 prope
849 2419 990 2484 Traurilr
1019 2417 1151 2485 Bosniae
1183 2420 1357 2486 Senonum.

79 2523 194 2588 Planta
217 2523 377 2588 caeterum
399 2522 432 2587 in
454 2523 522 2588 tota
545 2522 619 2588 flora
641 2523 863 2590 mediterranea
886 2521 1111 2608 uulgatissima.

166 2644 280 2709 Fruct.
305 2651 421 2708 matur.
444 2643 485 2709 ad
507 2644 637 2710 aestatis
660 2644 763 2710 finem.

161 2773 286 2848 Species
312 2772 395 2834 raldo
418 2772 570 2832 variabilis
591 2773 762 2834 difficillime
785 2773 970 2834 extricanda!

162 2860 354 2934 Caeepitulos
380 2859 471 2920 officit
497 2861 684 2920 densissimos
714 2878 802 2936 saepo
832 2861 998 2934 compactos
1026 2877 1211 2934 massamque
1238 2859 1361 2918 solidam

78 2949 315 3018 constituentes,
343 2947 452 3006 millim.
476 2948 496 3005 4
520 2948 557 3006 ad
583 2949 700 3008 centim.
725 2950 807 3007 1-3
831 2948 916 3018 altos,
945 2947 1095 3022 superficie
1119 2947 1234 3022 aequali
1257 2946 1360 3005 laetis·

79 3035 149 3094 sine
172 3036 287 3096 virides
311 3033 422 3094 inferno
445 3035 704 3096 ochraceoiuteos.

165 3141 297 3199 Hantae
325 3135 444 3212 fragiles
472 3138 778 3214 lactariam-ramosae
808 3135 887 3195 haud
919 3153 984 3194 raro
1016 3153 1050 3194 ex
1081 3135 1162 3209 apice
1191 3133 1362 3206 famulosne,

80 3229 230 3286 masculae
261 3225 432 3300 graciliores
461 3225 539 3286 foliis
568 3224 749 3285 brevioribus
780 3223 941 3282 instructae
969 3223 999 3280 iu
1027 3223 1205 3297 caespitulos
1229 3221 1362 3296 proprios

79 3315 268 3390 corrjuuctae.

171 3417 244 3476 Var.
260 3415 291 3487 β.
322 3414 482 3489 Campituli
505 3415 612 3486 molles,
635 3415 767 3486 humiles,
790 3431 913 3488 superus
937 3413 1031 3471 minus
1054 3412 1200 3486 aequales.
1237 3411 1297 3470 Foi.
1320 3412 1365 3470 irr-

83 3505 150 3564 fima
173 3503 300 3562 minima
324 3505 443 3572 romola,
465 3519 576 3560 summa
592 3503 682 3561 mullo
704 3501 849 3578 longiora,
872 3502 1010 3574 augusta,
1033 3518 1048 3557 o
1068 3498 1161 3558 rucdio
1177 3499 1364 3568 subrccurva

81 3589 310 3666 perichaetiaiia
325 3589 401 3647 haud
419 3588 601 3664 saginantur,
617 3589 681 3648 basi
697 3589 745 3646 uix
761 3588 877 3658 latiora,
892 3586 995 3661 patula
1011 3585 1054 3644 ita
1070 3589 1103 3646 ul
1118 3584 1259 3660 sagiuata
1274 3585 1364 3660 longa

81 3679 299 3754 conspiciatur,
321 3676 429 3734 mutica
452 3674 498 3734 rel
521 3677 617 3734 acuta.
661 3675 788 3750 Capsula
810 3673 903 3733 oratis
927 3673 1119 3744 micmntomn,
1141 3671 1314 3731 luscesceus.

168 3783 241 3840 Var.
257 3799 284 3856 γ.
308 3779 431 3838 medium
449 3781 530 3838 tonet
549 3777 625 3837 iuter
641 3779 762 3838 sormam
785 3777 941 3837 normalem
965 3780 994 3835 et
1017 3793 1077 3834 aar.
1093 3775 1125 3846 rl;
1147 3775 1218 3834 lolia
1241 3776 1366 3849 augusto

84 3870 212 3944 ligulata
239 3866 375 3928 breviora
397 3867 468 3925 sunt
490 3883 576 3940 quam
599 3867 628 3924 iu
652 3886 683 3936 α,
707 3865 827 3939 capsula
850 3864 1017 3939 plerumque
1040 3863 1154 3937 longior
1177 3865 1223 3922 ost
1245 3863 1275 3922 ot
1297 3862 1366 3920 sub·

84 3957 254 4030 cylindrita.
287 3955 426 4014 Remulos
443 3972 458 4012 o
475 3953 608 4012 soliorum
624 3952 775 4012 oomaiium
800 3951 896 4011 axillis
920 3951 1032 4026 profert
1055 3965 1175 4024 quroruru
1199 3948 1269 4008 lolia
1285 3947 1366 4022 apice

85 4045 113 4102 in
137 4044 267 4103 reculam
291 4045 434 4116 congesta
457 4039 515 4098 iliis
537 4039 687 4114 sequentis
711 4039 863 4098 varietatis
886 4037 992 4097 similia
1016 4039 1094 4095 sunt.

172 4148 240 4206 l'ar.
257 4146 285 4204 δ.
309 4165 328 4204 a
351 4144 446 4204 forma
469 4143 569 4219 typica
592 4144 689 4202 uiuere
711 4142 789 4202 foliis
811 4143 902 4201 multo
925 4139 1106 4201 breuioribus
1130 4141 1160 4198 ot
1183 4154 1235 4213 pro
1254 4138 1367 4213 magui·

84 4235 196 4294 tudinis
220 4234 337 4294 ratione
360 4232 527 4301 latioribus,
549 4231 698 4300 carinatis,
721 4230 825 4290 acutis.
848 4227 1105 4304 porichaotialitus
1128 4226 1164 4284 ud
1188 4225 1298 4299 apicem
1320 4241 1368 4282 us·

82 4343 138 4398 que
155 4321 381 4398 raginautibue,
399 4317 611 4394 pallidioribus,
627 4316 841 4387 tonuicoetatis,
865 4313 1165 4392 olorrgato-areolalis.
1195 4311 1240 4370 An
1257 4311 1368 4385 species

83 4413 215 4486 propria,
236 4427 274 4468 au
298 4411 380 4468 non?

169 4497 250 4558 Satio
274 4513 342 4555 cum
365 4493 453 4568 Gym-
476 4491 603 4550 rtoidolo
627 4492 709 4549 Baro.
732 4491 878 4550 convenit.
