3054 5238
549 323 690 406 tumne.
1149 437 1150 440 Ἴ
1195 329 1258 418 509

13 508 140 574 medente
154 508 204 574 vel
220 526 290 574 cum
313 508 380 576 lolii
402 509 487 593 apice
508 509 677 578 desinente.
707 510 814 577 Floras
829 508 1013 595 androgyni3
1037 510 1208 578 antheridia
1223 511 1262 578 ab

13 611 169 696 uhogoniis
196 611 271 678 folio
305 613 396 678 unico
428 613 568 697 sejuncta
601 614 651 679 vol
682 614 798 690 mirta;
829 613 1018 698 paraphyses
1040 613 1151 699 longae
1173 603 1282 682 valde

13 735 163 783 morosae.
211 715 347 800 capsula
368 717 400 782 in
422 717 570 800 podicello
593 717 703 783 stricto
724 717 842 784 rabello
863 717 1057 801 subglobosa,
1079 717 1262 786 rufo-terru-

13 817 86 898 inm,
119 820 206 886 striis
239 820 466 888 obscurioribus
505 820 544 887 ab
565 839 617 888 ore
638 823 677 887 ad
699 821 833 890 medinm
855 819 1027 904 productis,
1051 819 1159 900 solida,
1182 821 1262 888 sicca

13 922 105 988 oleata
149 923 335 1007 operculum
359 923 528 1003 minutum,
551 925 846 992 converoconicum.
892 924 1070 991 Peristomii
1085 926 1190 993 dentes
1205 943 1262 990 an·

13 1027 67 1104 usti
92 1027 266 1111 inaequales
300 1031 434 1096 aurantii
467 1029 517 1094 vel
549 1048 653 1096 eorum
686 1030 752 1096 loco
782 1029 963 1096 membrana
991 1029 1101 1096 tenuis.
1146 1028 1262 1112 Sperne

13 1147 117 1212 nagnae,
139 1132 332 1212 reniiormes,
356 1132 639 1218 rulo-ferrugineas.
685 1132 788 1217 Bryol.
812 1152 876 1199 our.
900 1133 969 1198 Vol.
991 1133 1045 1214 IV,
1067 1134 1141 1200 Tab.
1165 1134 1237 1202 315.

34 1249 82 1314 Ba
103 1253 133 1316 et
155 1250 230 1317 Sos.
257 1253 362 1337 Bryol.
384 1271 448 1319 eur.
473 1252 578 1337 Suppl.
601 1254 639 1320 ad
664 1253 891 1319 Bortromiom.
924 1253 956 1321 0.
972 1255 1106 1320 Mdnnnn
1130 1255 1260 1339 Syuops.

70 1371 172 1436 Haec.
195 1373 228 1438 in
254 1392 374 1438 summo
395 1375 551 1440 cacumine
573 1395 614 1440 m.
632 1375 792 1440 Gaisoteio
815 1375 1031 1461 Salisbnrgiae,
1060 1377 1186 1444 Zierc‘oc
1208 1381 1260 1444 de-

13 1474 95 1538 uiuae
115 1477 156 1555 et,
178 1477 212 1542 in
235 1495 360 1542 summo
376 1477 693 1544 Malateca-Tama
709 1478 747 1544 ad
764 1478 942 1546 carinthiae
957 1481 1083 1560 limites,
1114 1482 1260 1548 Weberoe

13 1581 177 1644 {mmmmm
199 1581 390 1647 associatum
413 1581 536 1647 aestate
554 1581 640 1648 1843
664 1583 741 1668 legi3
763 1583 838 1650 clar.
855 1585 983 1650 Lausus
1006 1586 1174 1668 specimina
1195 1606 1261 1652 me·

13 1701 56 1746 um
84 1684 322 1750 communicavit
351 1685 431 1750 acl.
462 1686 679 1752 Honuscnucn
708 1688 774 1771 Jam
801 1706 881 1754 anuo
914 1688 996 1754 1817
1028 1690 1059 1755 in
1090 1690 1262 1754 Molndzer

13 1783 111 1851 locon
133 1787 235 1864 lecta;
271 1787 578 1855 clermontanum
611 1791 778 1872 specimina
809 1791 957 1859 nonnulla
986 1793 1199 1875 peristomiata
1230 1793 1261 1858 in

13 1907 59 1970 ugo
78 1890 275 1976 Haeoeep
298 1891 580 1960 Rhoete-ticinensi
602 1893 658 1960 alt.
682 1893 837 1972 2600111,
860 1895 1086 1980 gymnortomis
1108 1896 1261 1963 associata

13 1993 76 2074 egit3
96 1995 125 2062 in
146 2017 187 2062 m.
213 1999 327 2062 Adule
349 1998 533 2080 (Prnrnna),
554 1998 587 2064 in
618 1999 836 2064 Veltertocarn
858 2000 1027 2081 (Monnuno
1043 2002 1075 2066 et
1090 2000 1260 2086 manusc).

74 2099 176 2166 Fract.
199 2108 322 2166 matur.
346 2089 537 2167 ad'aestatis
560 2101 664 2168 finem.

71 2210 182 2272 Formae
205 2213 327 2288 alpinae
342 2213 445 2273 minori
460 2212 497 2271 B.
512 2214 689 2291 ittyplylloe
703 2213 814 2286 similis,
837 2213 1035 2274 caracteribus
1052 2217 1149 2274 antem
1171 2231 1260 2288 supra

13 2297 118 2366 sponda
138 2301 214 2360 satis
238 2317 385 2375 superque
408 2299 557 2359 distincta.
602 2300 805 2362 Poristominm
827 2300 974 2361 rarissime
997 2301 1089 2362 adest.

420 2511 449 2566 a
480 2509 673 2566 Bartrcmta
695 2509 825 2566 stricta.

463 2613 549 2672 Brun.
573 2614 665 2672 litant.
688 2613 779 2672 lineo.

70 2741 222 2826 decepites
245 2743 333 2809 densi
356 2743 606 2828 glauco-virides,
628 2743 745 2810 inferne
767 2745 851 2810 terra
872 2743 983 2808 obruti.
1028 2743 1117 2811 Folia
1139 2747 1257 2810 erecto·

13 2845 116 2914 acono
136 2848 261 2926 stricta
285 2845 426 2914 siccitate
447 2849 550 2913 erecta
565 2847 666 2931 rigida
680 2847 815 2932 fragilia,
838 2847 1177 2926 lanceolato-subulata,
1200 2847 1259 2912 mi·

13 2951 61 3010 uta
73 2953 197 3030 serram,
220 2951 311 3016 costa
330 2951 479 3018 subteroti
494 2951 656 3018 excedente
672 2951 986 3034 opinulosoaristata,
1003 2953 1131 3034 utaque
1147 2951 1259 3035 pagina

13 3069 97 3130 *spera
139 3054 249 3121 l'lores
277 3053 460 3120 hisemales.
490 3053 622 3138 Oapsula
645 3053 676 3120 in
698 3054 845 3138 pedicello
869 3054 978 3120 stricto
1001 3071 1130 3136 superne
1153 3054 1260 3118 obtrusa

13 3155 150 3239 etagouo,
173 3157 317 3224 siccitate
342 3157 381 3222 ad
395 3157 535 3224 dextram
550 3160 643 3237 torto,
665 3160 777 3236 erecta,
800 3177 870 3225 raro
884 3159 996 3226 leniter
1011 3177 1132 3235 cernua,
1155 3159 1259 3223 orato

13 3255 122 3340 licum,
143 3262 341 3346 ferruginea,
376 3263 456 3327 sicca
478 3263 637 3328 contracta
659 3265 692 3329 et·
714 3263 844 3330 sulcata.
889 3262 1072 3346 Opercolum
1094 3279 1258 3327 convexum

13 3361 37 3424 el
56 3365 236 3433 mamillam.
283 3366 461 3432 Periatomii
484 3366 592 3432 denter
614 3387 693 3434 nnnc
715 3369 870 3451 regulares
891 3369 925 3432 et
945 3365 1070 3450 integri,
1092 3383 1172 3430 nnnc
1186 3363 1259 3430 irre-

13 3465 110 3546 plarer,
130 3469 273 3556 margine
290 3471 369 3536 orosi
393 3470 426 3536 et
446 3469 479 3534 in
501 3469 583 3536 linea
604 3468 763 3537 diuisurali
779 3470 905 3552 pertusi,
928 3469 1034 3547 crocei,
1057 3468 1139 3534 intus
1156 3469 1259 3534 costu-

13 3567 52 3632 di.
90 3571 202 3656 Sporae
226 3573 513 3658 mlo-ferrugineas,
536 3573 738 3658 majusculae,
760 3574 925 3658 globosae,
949 3571 1126 3640 distinctius
1150 3590 1257 3640 νοτηι-

13 3671 108 3743 closae.
151 3679 264 3762 Bryol.
281 3696 346 3744 eur.
364 3676 432 3743 Vol.
448 3677 503 3754 lV,
526 3676 603 3743 Tab.
620 3676 693 3744 316.

13 3791 166 3866 lurtramic
181 3803 295 3868 arido
311 3798 397 3864 caule
420 3800 523 3866 erecto
545 3816 675 3878 ramoso,
697 3796 824 3866 ramulis
848 3797 966 3864 strictio
989 3797 1054 3864 buci
1078 3797 1260 3875 attenuatis,

86 3904 168 3987 apice
196 3903 453 3982 incursiusculis,
488 3901 572 3968 foliis
604 3901 785 3968 densissime
815 3900 960 3968 confertis
994 3901 1073 3966 cauli
1095 3903 1180 3967 arcte
1201 3901 1258 3967 ad·

86 4009 198 4091 pressis
221 4007 501 4074 lineari-subulatis
524 4006 700 4084 serrulatis,
731 4004 838 4070 thecae
870 4007 988 4069 erectae
1017 4003 1157 4086 operculo
1184 4022 1257 4069 con-

86 4115 261 4182 veriuscnlo
283 4113 460 4179 umbonato.
505 4111 595 4176 Bam.
619 4111 719 4176 Mant.
743 4109 840 4175 Maso.
864 4127 893 4194 p.
920 4107 997 4185 116;
1029 4107 1124 4192 ejusd.
1149 4107 1255 4191 Bryol.

88 4219 167 4284 univ.
191 4217 234 4294 Il,
258 4236 289 4300 p.
312 4213 365 4282 45.

32 4317 202 4390 Scasuson
227 4320 394 4404 soppl.1‚
429 4319 465 4384 P.
489 4319 532 4384 ΙΙ.
579 4315 637 4382 Bs.
661 4319 694 4384 et
716 4317 788 4383 Son.
812 4316 917 4402 Bryol.
941 4335 1004 4382 cnr.
1049 4313 1096 4379 Dr
1118 4311 1258 4378 Nonarus

86 4423 159 4510 Syll
182 4429 214 4493 ct
236 4424 321 4508 Epil.
366 4423 401 4490 O.
426 4423 562 4489 Momm
595 4420 725 4506 Synops.

69 4545 170 4614 Hace.
194 4548 234 4613 ad
256 4548 374 4613 terram
397 4547 430 4610 et
451 4562 543 4626 rupes
568 4543 702 4628 regionis
724 4540 904 4626 campestris
919 4559 973 4624 per
988 4553 1094 4604 zonam
1110 4534 1257 4600 meridio-

13 4645 97 4730 alem,
123 4655 243 4722 montes
272 4650 418 4718 editiores
447 4647 585 4735 fugiens:
616 4647 697 4716 haud
718 4666 789 4715 rara
811 4646 842 4714 in
865 4644 959 4712 Italia
980 4636 1195 4720 meridionali,
1225 4637 1258 4710 in
