3434 5234
702 327 903 388 κωκυ
1382 332 1446 401 oso

165 502 228 568 lari
264 501 583 590 lineari-rectangulo
621 505 793 590 marginem
829 523 936 572 uersus
972 505 1115 572 dilatato.
1171 503 1304 588 Oapsula
1341 509 1445 588 ovata,

169 605 368 686 recusata,
403 607 483 674 sicca
512 608 646 693 oblonga
668 609 817 692 profunde
839 609 979 689 sulcata,
1008 609 1149 692 operculo
1172 609 1376 677 subacioulnri
1398 613 1448 678 vel

165 711 281 779 mutice
300 712 455 791 conoidoo,
476 715 589 780 annulo
612 714 782 797 composito
803 714 975 782 revolubili
1004 713 1185 780 Peristomii
1206 713 1312 782 dontm
1336 715 1447 782 latius·

164 817 249 897 culi,
280 817 346 884 solo
376 817 463 900 apice
490 819 606 901 pertusi
637 819 686 885 vol
709 819 792 898 lissi,
826 819 900 886 sicci
921 818 1032 902 patuli.
1077 819 1182 904 Brpol.
1207 818 1365 887 our..Vol.
1387 821 1447 901 111,

169 1025 420 1092 Triclrostcmam
440 1027 618 1110 incursum,
640 1028 749 1093 trunco
763 1045 886 1094 ramoso
901 1025 1092 1105 ascendente,
1114 1026 1197 1094 loliis
1212 1029 1446 1096 orato-lanceo-

275 1129 351 1195 latis
373 1127 504 1212 pilileris
518 1131 645 1212 patulis,
668 1130 803 1214 capsulis
821 1131 983 1198 curvisetis
998 1131 1110 1212 oratis,
1133 1133 1275 1215 operculo
1292 1133 1446 1200 subulato.

281 1233 444 1300 Honuscs.
466 1234 561 1300 l'loru
583 1235 625 1315 Π,
648 1254 678 1318 p.
694 1235 747 1302 89.

164 1337 361 1422 Dryplodon
386 1339 539 1404 incurvus
561 1337 652 1405 Bam.
676 1339 780 1424 Bryol.
804 1339 888 1405 univ.

166 1443 329 1508 Grimrnr‘a
348 1442 474 1525 suculis
497 1461 561 1509 var.
584 1448 615 1522 β.
638 1444 768 1510 robusto
790 1445 839 1510 Da
862 1444 983 1511 Nossa.
1006 1443 1084 1530 Syll.
1107 1445 1140 1511 et
1161 1446 1244 1529 llpil.

168 1548 333 1612 Grimmla
355 1547 467 1612 actim
488 1547 546 1613 Bu.
570 1548 602 1613 et
625 1547 697 1614 Son.
719 1548 824 1633 Bryol.
857 1567 921 1614 our.
968 1547 1002 1614 0.
1025 1549 1160 1616 Menneu
1182 1549 1310 1633 Synops.

255 1651 363 1716 Haeo.
395 1650 434 1716 ad
460 1669 550 1734 rupes
580 1669 745 1734 quaraoses
776 1670 831 1734 per
862 1653 1016 1736 regionem
1041 1652 1237 1736 subalpinem
1260 1653 1445 1738 sylvaticum

164 1753 294 1838 Alpium
313 1754 484 1832 Helvetiae,
508 1753 702 1834 Germaniae,
718 1755 957 1839 Pyrenaeorum,
973 1756 1004 1820 iu
1021 1774 1098 1822 zoua
1112 1758 1260 1840 septembr.
1276 1776 1330 1840 per
1345 1757 1446 1840 regio·

165 1877 235 1925 nem
260 1859 437 1925 montanam
460 1861 552 1941 atque
575 1861 796 1943 campestrem:
822 1859 972 1942 copiosius
993 1859 1072 1926 mihi
1085 1859 1174 1928 obvia
1189 1862 1258 1926 erat
1272 1861 1304 1926 iu
1319 1861 1445 1944 Alpium

165 1964 265 2030 latere
287 1963 478 2030 meridionali
492 1983 585 2047 quem
602 1965 635 2030 in
650 1965 895 2048 septentrionali,
918 1984 963 2032 ex.
979 1984 1027 2050 gr.
1044 1984 1139 2048 prope
1153 1967 1280 2032 Andeer
1295 1965 1327 2032 in
1342 1967 1446 2033 Rhae-

165 2069 229 2136 tiae
253 2089 293 2134 m.
318 2070 474 2155 Splripm,
496 2089 591 2153 prope
616 2070 745 2136 Borsns'c
767 2069 1024 2150 Vallis-tellinae,
1047 2071 1086 2138 ud
1109 2070 1212 2136 Domo
1235 2072 1390 2152 Dossolo,
1413 2073 1446 2139 in

164 2173 248 2239 uallo
272 2174 408 2240 Mieocco
430 2175 505 2253 etc,
529 2175 562 2238 in
584 2175 751 2258 Pyrenaeis
774 2175 897 2259 copiose
919 2175 1082 2242 observari
1103 2194 1198 2259 prope
1220 2177 1383 2262 Bcpnlres
1406 2179 1444 2243 de

164 2278 303 2362 Biporro
333 2280 366 2346 et
389 2279 427 2344 Β.
450 2279 489 2344 dc
513 2279 662 2358 Meton,
694 2279 726 2344 in
749 2279 905 2365 Norvegia
935 2279 1016 2346 muca
1038 2278 1277 2361 Christianiam,
1309 2282 1341 2346 in
1364 2280 1446 2348 valle

165 2383 479 2465 Grddbrocdsdulcn,
503 2383 536 2447 in
559 2383 667 2450 Suesia
690 2383 729 2448 ad
751 2383 853 2448 lacum
882 2383 1015 2450 Wecern
1037 2385 1070 2448 et
1092 2383 1124 2449 iu
1148 2386 1215 2451 tota
1238 2384 1352 2452 ditione
1375 2385 1444 2451 hol-

163 2486 293 2563 miensi;
309 2505 364 2552 nec
380 2486 411 2551 in
433 2485 554 2571 Vogeso
570 2505 626 2552 nec
640 2487 672 2551 in
682 2486 886 2571 Sylva-nigra
902 2487 975 2554 vidi.
1008 2486 1211 2554 Desideratur
1226 2488 1256 2554 in
1272 2488 1443 2556 Britannia.

254 2590 363 2656 Fruct.
386 2598 502 2656 anaim.
526 2590 626 2673 primo
648 2611 727 2657 vere.

253 2703 307 2762 Gr.
330 2701 469 2762 seleucii
489 2701 637 2761 simillima
659 2705 689 2760 et
711 2703 804 2777 primo
827 2701 892 2761 visu
915 2703 1031 2762 tautum
1051 2703 1155 2762 babitu
1171 2703 1334 2763 robustiore
1351 2703 1443 2763 loliis·

162 2808 221 2865 que
244 2790 394 2850 obscurius
417 2789 519 2849 tinctis
541 2789 699 2859 distincta;
722 2789 821 2848 differt
844 2791 942 2848 tamen
965 2787 1043 2847 foliis
1073 2789 1255 2864 longioribus
1285 2790 1344 2864 pilo
1375 2793 1445 2850 sub·

162 2877 241 2937 laevi
265 2877 426 2949 instructis,
448 2876 568 2935 floribus
591 2876 700 2948 diuisis,
723 2875 887 2951 peristomii
909 2875 1046 2935 dentibus
1069 2877 1164 2935 minus
1187 2875 1362 2951 regulariter
1377 2877 1441 2936 bifl-

162 2965 220 3034 dis,
241 2965 321 3024 baud
345 2981 410 3023 raro
434 2963 516 3039 apice
539 2962 675 3023 cribrosis
697 2965 727 3022 et
750 2961 914 3022 clathratis,

572 3128 705 3214 Subgen.
729 3127 760 3194 4.
806 3127 1035 3195 Gimbelia.

252 3254 383 3319 Plantae
404 3251 616 3334 puluinulatac
639 3250 688 3315 uel
710 3249 940 3332 mespilarios,
971 3255 1108 3328 erectae,
1141 3249 1223 3316 foliis
1256 3249 1443 3333 patentibus,

163 3357 390 3436 solidiusculis,
412 3356 494 3423 baud
517 3354 749 3438 crispabilibus,
783 3353 962 3437 plerumque
988 3352 1137 3436 pililerls,
1172 3354 1310 3438 margine
1331 3354 1444 3438 planis,

163 3463 226 3528 reti
249 3463 369 3527 minuto
391 3460 540 3544 quadrato
562 3457 629 3524 basi
652 3457 840 3540 rectangulo,
862 3475 932 3522 raro
948 3456 1062 3538 partim
1085 3457 1219 3535 sinuoso,
1242 3459 1336 3536 costa,
1359 3461 1397 3523 ut
1411 3459 1445 3524 in

163 3567 339 3644 Grimmc'o,
369 3561 539 3631 semitereti
561 3561 777 3629 canaliculata.
822 3559 958 3644 (lapsnla
984 3561 1016 3626 in
1043 3559 1189 3643 pedieello
1210 3563 1293 3628 recto
1327 3565 1441 3642 erecta,

163 3673 295 3746 exserta,
318 3688 389 3737 raro
411 3671 569 3748 immersa,
594 3667 756 3752 regularis,
780 3667 926 3744 ecostata,
949 3666 1097 3732 concolor.
1143 3664 1293 3750 ealypora
1314 3667 1444 3734 mitrata

163 3776 369 3860 quinquolobe
390 3777 509 3853 erecta,
540 3773 588 3838 vel
618 3772 776 3854 obliquata
804 3789 863 3836 nno
893 3771 990 3836 latere
1012 3770 1134 3855 longius
1157 3770 1231 3836 fissa
1253 3770 1446 3855 formamque

162 3879 379 3948 intermediam
404 3879 485 3944 inter
508 3877 669 3943 mitratum
692 3877 725 3941 et
739 3875 924 3941 cucullatam
940 3874 1064 3954 sistens
1087 3873 1252 3943 velexacte
1266 3875 1445 3942 dimidiato-

162 3984 332 4052 cucullata.

445 4122 524 4188 Scri.
548 4119 576 4186 Ι.
624 4118 814 4204 Galypiro
836 4117 1166 4182 lebate-mitrata.

553 4257 560 4270 ·
625 4240 662 4296 A.
687 4237 810 4294 Floras
827 4237 984 4294 monoicr'.

576 4358 624 4415 2⁵.
656 4353 823 4412 summa
844 4353 1035 4411 Donnlana.

660 4461 753 4519 Smuu
776 4459 852 4518 Flor.
874 4459 948 4518 Brit.

251 4577 464 4656 Pulrinnlata,
486 4595 503 4641 e
526 4573 618 4641 uiridi
641 4591 813 4641 canescens.
844 4573 932 4640 lloliu
955 4572 1071 4652 mollia,
1094 4572 1208 4656 pallide
1229 4570 1341 4638 viridia
1367 4570 1446 4636 sicco

162 4682 369 4752 luscescentia
392 4680 439 4748 vel
462 4677 659 4765 nigricantis,
681 4675 826 4742 inleriora
849 4677 969 4742 minuta
990 4675 1171 4755 lanceolata,
1185 4674 1326 4833 1⁰7⁰Jn³li⁸
1348 4673 1445 4738 mmm
