3388 5218
276 253 371 315 xvm
831 251 1006 318 Inuoductic.

275 433 428 516 perforat,
457 433 549 514 inquo
571 431 798 514 receptaculum
821 433 842 498 i.
866 453 892 501 o.
915 437 1012 504 caulis
1034 437 1168 520 apicem,
1203 439 1251 502 cni
1274 437 1463 521 arohegonia
1486 433 1571 501 insi-

275 536 366 616 dent,
394 535 551 601 descendit
581 536 668 618 eique
698 536 761 617 pali
792 538 832 602 ad
863 538 964 606 instar
998 561 1064 608 sese
1086 542 1197 625 infigit.
1243 540 1485 624 Receptaculum
1510 558 1571 604 sua

273 639 338 705 rice
359 659 480 706 sursum
502 641 699 718 extenditur,
722 643 813 722 atque
836 643 1027 725 peripodium
1049 646 1124 710 illud
1146 646 1288 712 efformet
1310 645 1394 727 qrnod
1417 643 1571 727 brpologi

275 745 457 828 cupiendum
479 743 650 809 nominant.
696 745 827 810 Fructus
856 748 983 830 embryo
1013 749 1070 814 tali
1100 749 1189 812 modo
1212 748 1292 812 cauli
1315 747 1446 822 infime,
1471 747 1572 827 inque

274 846 340 929 ejus
360 846 599 930 perenchymatc
621 846 661 912 ad
684 865 789 913 mcccc
810 850 995 916 hauriendos
1018 854 1164 934 tanquam
1187 852 1338 926 redicens,
1362 849 1573 934 vegetatione

273 950 385 1032 cuiculi
407 967 476 1014 mor
499 967 589 1012 sensu
610 948 764 1014 contrario
786 952 1006 1037 prolongatur,
1039 959 1071 1019 et
1100 974 1135 1020 eo
1166 955 1286 1038 magis,
1318 974 1413 1037 qnam
1436 953 1574 1035 capsula

274 1053 369 1118 altim
384 1052 568 1135 pcdicellata
585 1071 652 1118 esse
674 1051 775 1118 debet.
821 1053 916 1122 Parte
937 1057 1003 1136 illa,
1025 1077 1102 1140 qnae
1123 1066 1189 1122 seta
1211 1077 1264 1122 seu
1275 1058 1453 1141 pediculos
1471 1075 1575 1122 voca-

273 1158 337 1236 tur,
359 1156 529 1234 efformata,
552 1155 680 1238 capsula
701 1155 769 1236 ipsa
791 1158 947 1239 propriam
970 1179 1059 1225 snam
1081 1161 1204 1226 inchoat
1226 1160 1448 1226 evolutionem.

652 1325 683 1438 ,5.
706 1369 734 1426 2.
772 1369 814 1427 De
837 1371 975 1444 capsulae
998 1373 1172 1432 evolutione.

217 1537 221 1544 ·
362 1511 492 1576 Fructus
513 1507 635 1591 junior,
659 1511 732 1573 ante
754 1509 900 1590 capsulae
923 1510 1159 1590 formationem,
1181 1511 1333 1588 sctulam,
1368 1509 1576 1594 longitndine

274 1633 331 1698 pro
354 1614 453 1696 specie
486 1613 620 1678 maximo
652 1613 824 1678 sanantem
850 1612 952 1689 sistit,
985 1614 1069 1697 cnjus
1092 1633 1167 1696 aper
1190 1613 1390 1696 vegetativos
1413 1633 1451 1678 er
1476 1633 1576 1695 opere

217 1741 220 1746 ·
274 1715 566 1797 relluloso-pulposo
589 1715 680 1780 viridi
695 1716 874 1782 efformatur
888 1717 1121 1798 calyptrulcqne
1136 1718 1276 1781 obtectus
1292 1716 1447 1782 elementa
1466 1717 1578 1798 prima

274 1820 458 1903 sporolhecii
480 1817 578 1882 loturi
604 1818 698 1884 louet.
743 1820 792 1884 Ad
815 1819 897 1901 quod
918 1818 1119 1883 evolvendum
1142 1837 1219 1900 apex
1241 1818 1387 1883 laudatus
1410 1819 1576 1885 intumes-

274 1925 317 1990 cit
333 1922 530 2003 cellulaeque,
553 1919 664 2002 quibus
684 1923 888 2004 componitur,
910 1922 977 1984 tam
999 1921 1124 2000 repente
1146 1919 1402 2000 multiplicantur
1417 1921 1467 1999 nt,
1493 1939 1577 2002 pau-

273 2031 318 2096 cis
341 2027 447 2094 diebus
469 2025 706 2109 praeterlapsis,
737 2025 854 2090 ductus
887 2041 958 2105 pars
989 2023 1045 2088 illa
1078 2040 1171 2103 qnae,
1204 2023 1391 2088 maturitate
1419 2023 1578 2104 perlecta,

274 2131 407 2216 capsula
430 2147 483 2194 sen
507 2129 595 2192 timeo
616 2127 748 2204 dicitur,
771 2127 901 2192 formam
923 2143 1011 2190 enam
1033 2123 1214 2189 exteriorem
1231 2123 1368 2189 induens
1392 2125 1579 2208 conspicia-

274 2236 336 2298 tur.
380 2235 418 2298 ln
439 2232 499 2297 hoc
520 2231 636 2296 aetatis
659 2232 807 2312 ternpore,
829 2229 955 2310 capsula
975 2228 1043 2292 tota
1057 2225 1295 2309 parcnchymatc
1310 2227 1496 2294 succulento
1512 2229 1579 2295 im-

275 2335 360 2417 pleta
383 2333 548 2417 reperitur,
571 2330 658 2414 cujus
681 2333 815 2395 stratum
837 2331 980 2397 cellularc
1002 2329 1145 2406 tertium,
1168 2331 1325 2411 quartum,
1348 2331 1499 2412 quintum
1525 2333 1578 2398 vel

275 2439 405 2515 sextum,
427 2437 468 2501 ab
490 2435 617 2500 externo
639 2433 823 2515 procedens,
846 2435 979 2512 stratum
1003 2430 1080 2495 illud
1101 2431 1276 2509 constituit,
1299 2451 1316 2496 e
1339 2450 1412 2514 quc,
1436 2435 1578 2502 ocuma-

274 2559 344 2606 rum
365 2539 517 2606 divisione
538 2535 688 2618 simplici,
710 2534 823 2617 duplici
846 2536 895 2600 rel
917 2535 1047 2616 triplici,
1069 2534 1199 2600 cellulae
1221 2536 1365 2602 oriuntur
1388 2557 1473 2620 qnae
1498 2557 1578 2622 spo-

274 2661 381 2709 rarum
403 2639 585 2706 matricolas
607 2636 760 2702 dicuntur.
791 2636 886 2702 Pauci
908 2635 1100 2718 reperiuntur
1122 2635 1232 2714 Musei,
1255 2639 1288 2702 et
1303 2638 1352 2703 illi
1369 2639 1576 2706 solummodo

275 2745 328 2828 qui
348 2745 381 2810 in
403 2761 517 2826 magna
537 2740 715 2804 Mnscorum
737 2736 862 2802 cohorte
883 2737 984 2803 locum
1006 2737 1144 2801 intimum
1167 2739 1286 2817 tonent,
1309 2760 1445 2822 quornm
1466 2744 1577 2810 totum

275 2846 421 2930 capsulae
442 2843 649 2927 perenchyma
672 2841 828 2904 internum
851 2857 1051 2922 sporogennm
1066 2839 1199 2905 cffimtnr
1214 2841 1260 2924 (in
1277 2841 1498 2931 Eplremera's),
1523 2846 1577 2911 rel

274 2949 308 3014 in
331 2966 460 3032 quornm
484 2944 725 3028 perenchymate
747 2942 909 3022 capsulari,
932 2959 949 3005 e
970 2942 1075 3022 paucis
1097 2941 1267 3008 lenissimis
1289 2945 1416 3012 cellulis
1440 2966 1577 3032 compo-

276 3049 348 3129 sito,
370 3069 432 3114 una
454 3048 580 3113 tantum
601 3041 716 3108 cellula
738 3059 905 3125 sporogena
925 3042 1080 3108 invenitur
1101 3043 1146 3128 (in
1169 3045 1361 3128 Arctidiis).

741 3244 767 3313 fl.
791 3245 818 3300 3.
863 3243 904 3302 Do
927 3245 1093 3320 sporangio.

364 3377 582 3465 sporonpr'cm
615 3371 889 3454 (sporccpidr'um,
922 3372 1136 3456 sporoplrorus
1159 3375 1217 3460 al.)
1248 3379 1396 3460 capsulae
1427 3381 1580 3452 internae

275 3501 348 3568 pars
370 3483 427 3546 illa
449 3481 498 3545 est
520 3492 612 3558 qnae,
636 3470 788 3535 sacculum
813 3471 947 3536 formam
971 3472 1042 3555 plns
1063 3475 1201 3542 minusve
1232 3477 1432 3564 distinctum,
1463 3503 1581 3570 sporus

274 3583 424 3652 continet.

363 3701 523 3783 Organum
546 3693 604 3757 lroc
627 3709 646 3754 a
667 3685 782 3752 duabus
798 3688 981 3764 membranis
996 3693 1139 3774 efficitur,
1162 3716 1293 3778 quarum
1313 3705 1444 3770 externa
1460 3725 1580 3790 capsu-

274 3802 325 3867 lae
346 3798 459 3884 parieti
481 3796 605 3861 interno
628 3789 675 3853 vel
697 3787 841 3870 contigua
856 3789 904 3854 est
919 3791 967 3854 sel
981 3793 1010 3857 ei
1026 3795 1145 3862 cellulis
1169 3799 1305 3884 singulis
1330 3804 1398 3871 sive
1424 3807 1493 3876 tilis
1519 3812 1582 3878 ad·

275 3903 383 3969 haeret
404 3899 464 3976 rel,
486 3893 555 3960 basi
578 3890 722 3973 apiceque
744 3889 884 3970 exceptis,
907 3892 1030 3958 omnino
1053 3897 1159 3978 libera,
1183 3900 1308 3970 interna
1330 3924 1402 3973 cunr
1419 3910 1580 3980 fasciculo

276 4001 426 4077 cellulari,
448 3997 496 4064 cui
519 4009 633 4060 nomen
655 3991 829 4056 colaoaellao
851 3993 920 4070 est,
940 3993 1050 4062 intime
1071 4003 1187 4069 coalita
1208 4024 1280 4072 raro
1296 4007 1397 4078 libers
1417 4017 1583 4097 reperitur

276 4103 312 4168 ut
334 4101 366 4166 in
389 4097 593 4184 Polycratis.
639 4093 800 4176 Sporungii
831 4095 1026 4178 membrana,
1058 4101 1125 4168 tam
1154 4109 1281 4176 externa
1311 4129 1406 4194 quam
1438 4117 1581 4200 interna,

278 4201 367 4268 facile
381 4200 502 4268 cellulis
525 4197 590 4262 suis
613 4193 780 4260 minoribns
802 4195 972 4264 lateraliter
993 4208 1176 4286 compressis
1198 4215 1367 4280 acaetoris
1383 4217 1580 4288 cellularum

278 4302 385 4368 stratis
399 4301 580 4384 quibuscum
596 4294 716 4377 saepius
731 4297 889 4380 conjuncta
911 4305 1059 4384 remanet,
1083 4308 1183 4391 primo
1206 4311 1327 4382 intuitu
1349 4318 1581 4406 distinguitur.

366 4419 512 4500 Quamvis
534 4419 572 4486 dc
596 4415 654 4481 tac
669 4417 811 4498 capsulae
834 4417 984 4488 divisione
999 4421 1120 4492 interna
1135 4430 1258 4498 nullum
1273 4437 1415 4518 supersit
1430 4439 1581 4526 dubium,

276 4536 337 4590 non
359 4521 446 4610 pauci
468 4525 574 4592 muron
597 4519 671 4588 sunt
693 4517 827 4588 bomnioi
849 4521 902 4608 qni
923 4541 993 4590 eam
1015 4529 1141 4614 negant
1187 4531 1326 4603 Videant
1348 4543 1501 4626 capsulae
1526 4547 1582 4614 in.
