3388 5218
301 343 352 402 XX
847 335 1020 398 Introductio.

300 521 431 588 invicem
453 521 666 586 dimoveantur
687 521 779 602 atqua
801 517 916 584 liberae
938 517 971 582 in
993 516 1094 598 spatio
1113 516 1237 600 jaceant
1259 525 1313 582 ant
1336 537 1432 600 aquae
1448 516 1580 584 suffusae

300 625 451 691 innatant.
497 625 607 689 Forma
639 641 742 689 aarum
776 623 868 688 antea
899 623 1121 704 compressione
1154 623 1259 686 mutua
1282 623 1449 706 angulosa,
1483 643 1579 688 mem-

301 728 446 795 branulae
468 727 649 794 dilatatione
671 727 703 791 in
726 725 925 792 rotundatam
948 726 1184 791 transmutatur.
1217 724 1298 791 Cave
1320 745 1357 790 ne
1379 727 1505 792 cellulas
1522 729 1580 792 bas

300 849 355 913 pro
386 831 463 912 ipsis
496 830 596 913 sporis
627 828 797 913 junioribus
828 828 951 894 habeas.
996 828 1045 894 Ad
1078 829 1133 893 bas
1165 825 1367 894 efformandas
1405 831 1580 896 substantia

300 953 377 1017 quae
405 934 438 999 in
469 935 580 1001 cellula
602 932 756 1000 matricali
786 932 963 998 continetur
984 931 1016 996 in
1040 933 1170 1014 quatuor
1193 931 1340 996 dividitur
1362 935 1475 1016 partes
1500 953 1579 1016 quae

300 1037 529 1110 membranulae
552 1056 618 1102 sese
646 1037 777 1102 induunt
799 1053 966 1117 sperasque
989 1034 1198 1116 quaternatim
1222 1034 1406 1100 coadunatas
1430 1037 1578 1102 alliciunt.

300 1141 415 1224 Sporae
446 1140 502 1206 hoc
533 1139 622 1206 modo
654 1140 762 1204 enatae
792 1137 929 1222 juniores
956 1155 1063 1219 pressu
1086 1140 1192 1204 mutuo
1215 1138 1382 1222 angulosas
1404 1139 1484 1205 baud
1508 1159 1580 1205 raro

299 1247 404 1312 exacte
419 1241 593 1308 tetrabdrae
608 1243 810 1325 reperiuntur,
830 1241 962 1323 perlecto
978 1241 1117 1306 maturas
1133 1241 1310 1324 plerumque
1326 1243 1523 1320 rotundatae;
1547 1243 1580 1308 in

301 1348 464 1412 Andrcc'ir's
485 1347 576 1428 etque
600 1345 760 1430 Spbapnis
782 1344 1114 1428 deprcsso-tetraidrae
1137 1351 1313 1422 remanent,
1347 1345 1378 1410 in
1401 1347 1579 1424 Archidir'a,

301 1468 430 1532 quorum
453 1447 565 1516 cellula
587 1449 758 1514 matricalis
781 1448 904 1533 singula
927 1466 1034 1531 sporas
1059 1447 1185 1514 16-20
1208 1453 1357 1532 procreat,
1380 1451 1580 1534 crystallino·

301 1555 474 1639 polyddrae.
520 1553 698 1619 Membrana
731 1571 853 1636 oporam
885 1553 985 1637 prima
1007 1553 1109 1617 astato
1135 1552 1374 1618 circumcludens
1397 1553 1580 1619 tenuissima

300 1657 426 1743 hyalino
457 1657 572 1722 sensim
604 1657 792 1732 concrescit,
824 1655 1026 1720 solidilioatur
1057 1657 1147 1736 atque
1170 1656 1269 1720 colore
1292 1655 1413 1738 proprio
1435 1656 1578 1740 tingitur.

301 1762 482 1827 Membrana
505 1761 587 1840 baec,
610 1761 732 1826 nomine
755 1761 908 1846 epispoaa'i
930 1761 1048 1834 vocata,
1070 1761 1125 1823 ant
1148 1760 1270 1825 omnino
1285 1759 1391 1836 laevis,
1413 1761 1468 1825 aut
1483 1779 1580 1841 punc-

300 1865 353 1944 tis,
375 1865 513 1949 manalis
536 1865 584 1930 rol
606 1864 730 1947 papillis
754 1863 860 1930 solidis
880 1863 1022 1946 asperula
1036 1861 1199 1938 invonitur,
1223 1863 1321 1946 paries
1336 1861 1465 1928 interior
1480 1881 1580 1928 mem-

299 1969 429 2035 branula
458 1970 520 2034 ista
551 1968 754 2033 subtilissima
776 1967 908 2032 vestitur
930 1985 1021 2048 qnam
1043 1965 1187 2032 cellulam
1209 1965 1314 2030 dicunt
1335 1966 1580 2050 primordialem

300 2074 332 2138 et
354 2091 370 2136 o
392 2089 453 2155 qua
475 2071 623 2137 utriculos
639 2071 815 2137 efformatnr
830 2087 888 2152 quo
903 2070 1002 2152 prima
1018 2067 1250 2152 germinationis
1265 2069 1417 2134 elementa
1432 2069 1581 2133 inchoan-

299 2177 351 2242 tur
374 2177 464 2256 (Vide
485 2175 568 2242 icon.
591 2175 666 2240 Tab.
691 2174 775 2258 Vll).

877 2315 949 2396 bap.
972 2313 1003 2381 ll.

763 2433 811 2501 llc
837 2430 941 2503 lmotu
967 2430 1119 2522 perlecto.

388 2571 562 2638 Muscorum
591 2570 710 2636 innotus
741 2570 873 2652 perfecte
904 2572 1044 2637 evolutus
1075 2572 1244 2653 oquatnor
1267 2569 1404 2651 partibus
1427 2569 1580 2634 essentia·

300 2676 381 2742 libus
404 2673 592 2756 compositus
621 2675 683 2738 est:
718 2692 734 2739 e
762 2675 914 2759 capiccio
947 2693 999 2740 sen
1031 2675 1241 2758 integumento
1273 2671 1398 2754 partiali
1425 2672 1579 2748 inferiore,

302 2777 486 2862 eoalyptra
508 2777 573 2842 sive
594 2775 808 2860 integumento
830 2775 957 2858 partiali
979 2775 1143 2858 superiore,
1167 2795 1183 2842 a
1205 2775 1338 2860 capsula
1352 2792 1430 2856 quae
1444 2774 1579 2856 pericar-

301 2878 386 2962 pium
408 2879 581 2944 universale
605 2879 704 2958 sistit,
738 2883 828 2960 atque
859 2879 893 2944 in
915 2879 1055 2962 plurimis
1077 2880 1233 2961 speciebus
1256 2878 1456 2960 pericarpium
1480 2875 1579 2941 inter-

299 3002 383 3062 num,
404 2985 612 3067 aporonpicm
628 3001 746 3064 nempe,
769 2982 912 3062 includit,
935 2984 967 3048 ct
988 3001 1005 3047 c
1027 2984 1133 3066 sperio
1155 2983 1254 3047 locum
1279 2979 1429 3046 seminum
1451 2979 1580 3060 planta-

299 3105 367 3151 rum
389 3085 604 3168 perfectiorum
627 3085 813 3152 tenentibus.
844 3085 955 3152 Partes
978 3085 1163 3151 accessoriae
1186 3087 1258 3150 sunt
1273 3084 1463 3168 operandum,
1482 3085 1578 3166 pedi-

299 3190 413 3272 codcs,
436 3191 592 3269 annuus,
611 3191 848 3276 peristomium,
882 3189 1042 3254 columella
1064 3193 1097 3255 et
1120 3188 1308 3254 involucrum
1331 3186 1408 3253 illud
1431 3186 1577 3252 folionum

297 3292 389 3374 qnod,
405 3293 593 3378 poricbootii
615 3293 745 3372 nomine,
768 3292 912 3371 motum,
935 3291 1035 3358 rarius
1060 3295 1170 3372 totum,
1194 3291 1314 3375 saepius
1336 3309 1373 3358 cx
1393 3293 1491 3374 parta,
1514 3291 1578 3356 cir-

296 3397 456 3481 cumsepit.
918 3449 921 3456 .

771 3507 796 3578 9.
822 3507 849 3564 1.
888 3507 929 3566 Ile
953 3507 1102 3582 vaginula.

388 3617 546 3704 Vopimdo
568 3637 640 3702 pars
663 3619 719 3685 illa
740 3621 788 3685 est
810 3619 858 3684 cui
873 3619 1008 3702 capsula,
1031 3619 1184 3686 mediante
1200 3619 1357 3702 pedicabo,
1378 3617 1521 3702 infigitur
1544 3622 1576 3684 et

294 3739 370 3804 quae
393 3722 526 3800 modium
549 3724 635 3788 tonet
656 3722 738 3788 inter
759 3721 878 3789 caulem
901 3725 933 3788 et
956 3722 1097 3792 nunctum.
1129 3723 1206 3789 (lum
1223 3722 1342 3788 nonnisi
1364 3721 1465 3788 lructu
1488 3741 1576 3804 prac-

294 3828 381 3892 sente
403 3825 585 3904 inveniatur,
608 3827 710 3909 potius
732 3845 799 3892 eam
822 3827 860 3894 ad
883 3827 964 3893 buno
986 3847 1077 3910 qnam
1107 3827 1145 3894 ad
1175 3827 1261 3892 illum
1294 3826 1483 3891 referendum
1506 3845 1575 3892 ossa

292 3929 409 4012 putavi.

377 4031 410 4098 Si
440 4031 478 4098 ad
512 4032 673 4116 camnulas
701 4033 850 4118 originem
873 4033 1040 4116 respicias,
1073 4054 1141 4102 eam
1164 4053 1181 4101 e
1202 4017 1572 4117 receptacun'eontinuo-

290 4133 376 4200 tione
393 4137 516 4201 enatam
531 4135 674 4218 reperies,
699 4137 726 4200 si
742 4136 995 4221 magnitudinem,
1011 4137 1151 4214 sormam,
1167 4135 1400 4202 consistentiam
1417 4135 1448 4200 et
1464 4153 1573 4218 surper-

290 4235 390 4302 ficiem
413 4237 478 4321 ejus
502 4237 664 4318 examines,
690 4240 777 4306 raldo
800 4239 978 4306 variabilem
1002 4240 1129 4308 videbis.

376 4339 561 4424 Vaginnlam
584 4343 842 4427 oootoplobosom
871 4343 1033 4426 laxiusque
1066 4345 1183 4408 textam
1207 4343 1322 4409 babent
1344 4341 1572 4426 prcmereaq

287 4442 452 4528 oblooqom
485 4443 719 4511 solidiusoulam
742 4447 901 4526 Porclaca·
934 4447 1109 4532 otmopctcm
1131 4445 1299 4524 Dioccno,
1334 4445 1457 4529 clypeo
1480 4463 1507 4510 e.
1530 4465 1571 4524 a,

281 4545 497 4632 pilciformem
541 4545 774 4632 Encclyptone;
821 4549 1038 4632 imperfectam
1076 4549 1280 4628 archiduce,
1321 4547 1513 4632 flaconem
1550 4565 1570 4612 a

286 4647 410 4724 ramulo
440 4647 652 4740 periebaetiali
681 4651 731 4720 via
762 4649 943 4720 distinctam
967 4652 1238 4719 Bucbcomioceae
1264 4653 1296 4718 et
1319 4649 1411 4717 multi
1434 4649 1569 4718 Pleuro-
