3358 5254
299 345 364 416 698
855 347 1024 419 ΗΜ*

298 521 365 590 busi
387 521 545 605 puulnlnm
567 521 718 602 dilatetis,
742 523 900 607 perpaucis
922 522 961 591 ed
982 521 1105 590 infimos
1121 523 1251 609 angulos
1265 523 1435 608 qmurntu.
1473 525 1572 592 Plures

299 627 340 694 ud
368 627 456 694 busin
492 626 732 694 innovationem.
778 628 866 696 liclia
896 627 1128 712 pericheetiuliu
1160 629 1352 709 lsuoeclute,
1386 631 1573 716 longiuscule

300 730 485 811 acuminata,
508 731 594 815 apice
616 731 778 798 serrulnte.
823 731 958 816 Ospsnln
979 732 1011 798 in
1033 732 1181 816 pedieello
1204 733 1344 800 breuiore
1363 753 1496 818 superus
1510 735 1574 802 tre-

300 835 381 900 viter
404 835 586 902 snbercnuto
607 835 828 914 herimutelis,
858 835 998 904 siccitate
1019 835 1183 915 inclinetur,
1206 836 1320 916 erulis,
1343 857 1360 904 e
1381 837 1574 916 flavorum

300 939 443 1022 operculo
465 939 728 1006 convexo-conice.

303 1079 459 1164 prnum
492 1080 616 1165 clepens
647 1081 749 1146 Hoorr.
777 1081 875 1148 unse.
907 1082 986 1148 uxot.
1016 1081 1079 1147 tub.
1103 1079 1146 1146 9?
1181 1079 1364 1149 snnwnnnn.
1388 1081 1499 1166 snppu
1523 1083 1577 1160 lll,

410 1183 452 1262 11,
476 1183 506 1261 2,
529 1184 592 1250 tub.
617 1183 718 1250 2821).
751 1184 873 1252 snnnnn
895 1185 980 1270 Meg.
1003 1185 1077 1252 Nat.
1100 1185 1185 1251 Hist.
1208 1185 1251 1264 ΙΙ,
1275 1203 1333 1252 scr.
1357 1187 1419 1252 Ill.
1452 1186 1576 1252 wnsen

411 1287 517 1372 Bryol.
539 1287 620 1354 Brit.
643 1289 707 1355 tsb.
731 1289 783 1356 59.

302 1407 459 1494 pruum
487 1411 622 1476 Bcrreri
652 1411 774 1478 Sunuci
801 1412 876 1477 mst.
921 1409 1045 1477 Surum.
1077 1410 1185 1501 linsc.¹
1205 1411 1265 1477 eud
1298 1412 1412 1495 Hepst
1444 1413 1506 1479 Un.
1536 1412 1577 1478 St

408 1513 502 1598 (Sect.
527 1515 794 1602 Plnpictlcecium).
840 1516 965 1580 Hercu.
989 1514 1101 1582 Skand.
1123 1515 1171 1580 ul.
1193 1515 1261 1582 edd.
1284 1513 1405 1581 e-lc.

302 1633 548 1720 Pinpintlneeium
577 1636 754 1723 Scluimpero'
775 1637 937 1704 Jururnrs
968 1639 1000 1702 et
1026 1635 1150 1714 limus,
1183 1634 1378 1720 zoolog-oou.
1412 1635 1575 1704 Verlmndl

410 1740 511 1820 wien,
536 1740 628 1809 1862.

302 1861 586 1949 Rlpnolnosleps'um
607 1865 731 1949 decom
746 1882 811 1930 ver.
827 1870 974 1930 terrestre
988 1863 1101 1928 Inuum
1124 1863 1155 1928 iu
1178 1863 1273 1930 Fuluus
1294 1862 1366 1930 Bet.
1382 1863 1462 1930 Nnc
1483 1863 1577 1935 1865:

409 1968 441 2032 et
463 1966 676 2034 Animaduers.
699 1968 737 2034 de
761 1968 880 2054 Hypso
895 1967 1030 2054 stupente
1051 1967 1153 2032 Hecu.
1176 1966 1209 2032 in
1231 1966 1305 2032 Not
1328 1987 1366 2034 nr
1389 1967 1506 2034 seusu
1528 1986 1576 2050 pro

410 2070 515 2138 Funus
536 2072 569 2137 et
591 2071 638 2138 lil.
662 2072 744 2138 tenu.
768 2071 930 2138 Fcrhendl.
956 2069 1049 2137 1867.

389 2208 498 2274 Hecu.
521 2209 560 2276 au
583 2227 673 2292 rupes
696 2211 728 2276 et
749 2197 865 2276 terrum
887 2207 964 2276 locis
985 2208 1153 2274 innumeris
1176 2226 1230 2292 per
1246 2207 1399 2291 Europum
1424 2208 1576 2274 coutimu-

303 2313 398 2378 telem
421 2313 554 2379 medium
577 2315 610 2380 et
632 2313 912 2397 septentrionalem,
935 2331 1071 2379 necnon
1094 2331 1148 2395 per
1163 2311 1343 2378 Britannice
1365 2312 1506 2388 insulem
1527 2311 1575 2378 tr·

302 2416 359 2482 tile
381 2417 479 2484 solum
494 2417 594 2484 adhuc
609 2419 641 2483 et
656 2417 836 2501 parcissime
851 2435 944 2502 prope
953 2417 1080 2502 Bnnlry
1094 2413 1231 2502 (clemins
1246 2415 1367 2482 clariss.
1392 2415 1574 2491 Hercunsl

302 2521 341 2586 sd
364 2521 528 2608 Ardiuply
556 2521 660 2588 Boules
682 2521 843 2590 Snsseriee
864 2521 1035 2608 (Murrus),
1064 2521 1097 2586 et
1122 2519 1163 2587 ed
1193 2520 1301 2606 Lenes
1333 2519 1440 2586 cnse
1463 2519 1576 2586 Senties

302 2625 389 2712 (Illuc
404 2625 551 2712 Krumr).
582 2627 755 2710 Spscimiun
778 2627 817 2694 nb
831 2627 974 2694 Hoeksro
996 2625 1150 2709 descripte
1170 2624 1210 2691 sb
1226 2627 1326 2692 Ancus.
1342 2626 1489 2692 Mrumm·
1504 2645 1573 2692 enno
1664 2687 1665 2696 ,

306 2729 388 2796 1787
411 2731 444 2797 in
466 2731 567 2798 insule
589 2732 770 2799 Voneouoer
792 2730 874 2798 lectu
889 2733 970 2798 snut.
999 2730 1081 2798 Olur.
1098 2729 1272 2797 sunnvmn
1294 2729 1326 2796 iu
1351 2729 1453 2796 ll'lsitc
1471 2732 1572 2798 llus

303 2837 388 2900 taine
417 2835 521 2902 comit
546 2835 832 2924 Now-Hampslnirc
854 2836 960 2904 Amer.
983 2837 1062 2919 sept.
1085 2855 1105 2902 r
1126 2833 1201 2902 cler.
1224 2835 1327 2902 Jsuus
1355 2839 1512 2918 repertum
1532 2835 1571 2900 in·

303 2940 394 3007 dicut.

392 3043 502 3111 urceo.
524 3051 641 3110 matur.
663 3043 777 3128 Aprili.

390 3173 494 3232 Adhuc
516 3172 687 3247 subjudice
710 3173 748 3234 lis
769 3176 815 3234 est
837 3191 874 3234 en
898 3173 1002 3248 plaute
1024 3172 1062 3231 ab
1078 3171 1213 3234 Hcolerc
1229 3172 1377 3248 descripta
1403 3191 1505 3234 revers
1518 3190 1571 3230 rnn
1663 3155 1664 3237 ,

304 3278 449 3336 europaeo
471 3261 676 3336 conjungenda
697 3261 747 3332 sit,
768 3278 834 3320 cum
856 3262 959 3320 auctor
980 3259 1021 3320 nil
1044 3260 1080 3320 de
1096 3259 1230 3320 loliorum
1254 3259 1320 3330 reti,
1341 3260 1384 3320 nil
1401 3263 1437 3320 ele
1453 3261 1572 3320 inflores
1663 3269 1664 3298 l

305 3349 410 3420 centis,
433 3347 475 3408 nil
497 3350 534 3408 de
555 3349 717 3424 peristomii
739 3348 835 3409 indole
858 3347 939 3408 dicit.

393 3454 469 3514 Gler.
491 3455 659 3524 Lrnnnrne,
681 3453 711 3512 iu
734 3453 940 3514 dimemntione
962 3471 1017 3512 sus
1037 3451 1207 3512 doctissime
1229 3468 1320 3526 suprs
1342 3453 1484 3521 lsudstr,
1506 3453 1572 3512 lue

303 3557 369 3600 cum
397 3541 474 3600 innuo
496 3542 535 3600 sd
557 3558 651 3616 genus
672 3539 932 3618 summo
961 3539 1065 3610 resert3
1095 3556 1152 3615 qne
1182 3538 1317 3600 ratione?
1350 3571 1386 3582 -
1421 3557 1467 3600 ms
1498 3539 1571 3612 imit

304 3627 407 3686 Omnis
429 3626 505 3686 euim
528 3627 637 3702 optime
660 3645 725 3688 curu
747 3646 776 3703 g.
800 3627 1026 3706 Ηαρίοῶσάιιω
1047 3627 1213 3702 quadrent,
1234 3625 1264 3686 in
1288 3643 1346 3701 quc
1370 3627 1451 3688 lano
1475 3643 1573 3703 muns
1662 3625 1663 3646 ¹

302 3714 487 3790 reperiuntur
509 3714 622 3789 species
645 3714 723 3775 foliis
745 3716 824 3775 hand
847 3713 1077 3776 decurrentibus

389 3817 532 3891 Capsulee
554 3819 721 3894 speciminis
743 3838 761 3879 a
776 3819 811 3878 cl.
828 3819 895 3880 llio
910 3819 1026 3878 lirunur
1041 3816 1247 3878 communicati
1262 3817 1570 3892 oblongo-<plinton
1661 3843 1662 3848 ¹

303 3906 380 3976 sunt,
402 3903 497 3964 sicces
513 3922 622 3967 necnee
636 3907 743 3966 leniter
758 3909 897 3966 erenstee
913 3923 1038 3966 cerense
1052 3922 1107 3965 nec
1122 3904 1333 3981 subponimus,
1356 3907 1388 3963 et
1404 3909 1467 3964 turn
1482 3907 1570 3966 coloe.

303 4008 389 4066 quem
412 3992 530 4052 texture
553 3995 582 4052 et
605 3994 774 4068 peristomio
796 3996 898 4054 excole
922 3996 958 4053 nt
980 3993 1008 4054 iu
1032 3991 1077 4052 Pu
1100 3991 1274 4052 minuce
1297 3991 1496 4066 reperiuntur.

628 4221 659 4276 9.
689 4217 966 4289 Ρῑιείοῑὴθοίω
987 4217 1246 4276 nullos-lunum.

777 4343 844 4402 Son.
868 4343 991 4419 Spuops.
1014 4343 1059 4403 ed.
1078 4341 1105 4400 l.

391 4471 548 4552 Dioicum,
571 4471 776 4552 minutulum,
799 4473 851 4540 Pl.
869 4474 1026 4560 petehulle
1048 4475 1099 4540 rix
1121 4471 1232 4556 muJus.
1277 4469 1385 4540 onum
1410 4471 1567 4540 stclcoilw

304 4575 375 4656 mis,
396 4595 502 4644 rumos
520 4577 667 4644 emittens
682 4577 868 4658 suberectos,
892 4578 959 4645 hesi
983 4579 1071 4646 uelde
1093 4577 1266 4644 nuenton
1281 4575 1567 4660 eomplmtooue

304 4699 365 4760 scs,
388 4681 481 4764 utone
502 4679 699 4751 tenuissimos
721 4681 875 4768 longiores
897 4681 1129 4768 microphpllos.
1171 4679 1259 4747 rolin
1281 4679 1415 4748 disticho
1438 4675 1567 4766 puer
