3428 5224
252 225 292 296 18
804 224 978 286 Pottioideae.

246 406 610 488 desperansque
640 404 707 469 loca
730 404 851 471 sterilia
884 424 956 488 prae
989 405 1120 471 caeteris
1154 406 1239 471 tenet
1271 404 1360 488 inque
1389 401 1526 470 arenosis

248 508 415 575 maritimis
437 509 648 592 copiosissime
671 510 812 575 occurrit.

337 612 445 678 Fruar.
469 621 585 678 matur.
609 613 709 695 primo
731 632 812 678 vere.

335 725 502 784 varietates
524 727 554 784 et
577 724 686 784 formae
709 726 828 799 plantae
851 725 939 799 hujus
967 725 1101 798 copiosae
1125 725 1340 800 nonnullaeque
1371 725 1526 794 notabiles,

249 813 300 874 sed
322 813 403 871 nulla
426 829 524 872 earum
546 811 620 872 salis
643 811 783 871 distincta
806 815 894 886 atquo
917 814 1056 870 constans
1080 815 1113 870 ut
1136 829 1188 886 pro
1212 814 1332 886 propria
1355 813 1450 886 specie
1473 813 1528 870 ha·

248 899 344 959 benda
366 899 413 957 sit.
459 899 586 957 Maxima
608 915 672 957 curn
695 916 764 957 cura
787 899 881 957 denuo
905 915 1003 956 omnes
1019 899 1186 972 comparavi
1210 899 1365 972 multisque
1388 899 1458 958 locis
1482 899 1527 958 in·
1601 910 1612 922 ·

248 1003 368 1046 numera
391 987 549 1060 specimina
571 985 640 1060 legi,
663 987 692 1044 et
715 986 794 1045 haud
817 1002 882 1044 raro
905 986 934 1044 in
959 986 1058 1044 eodem
1082 986 1210 1058 caespite
1234 985 1350 1054 formas,
1373 1004 1409 1044 ne
1433 986 1527 1044 dicam

248 1074 423 1144 varietates,
454 1072 614 1147 complures
641 1073 809 1143 observavi,
838 1073 926 1146 inque
956 1073 1056 1131 eadem
1085 1073 1189 1145 planta
1218 1073 1354 1146 capsulas
1385 1073 1527 1146 pedieello

248 1163 337 1231 racto,
361 1159 434 1219 alias
457 1160 598 1234 podicullo
620 1161 750 1230 curvato,
772 1160 921 1217 immersas
944 1176 1136 1234 emersasque,
1158 1158 1228 1219 folia
1243 1160 1330 1234 longe
1347 1163 1376 1217 et
1400 1161 1529 1218 brevitor

249 1247 418 1321 cuspidata,
447 1247 557 1306 caulem
580 1247 629 1304 vix
652 1246 848 1305 millimetrurn
870 1246 1017 1320 integrum
1041 1248 1071 1304 et
1093 1247 1205 1304 caulem
1227 1246 1312 1320 plura
1336 1247 1445 1305 millim.
1468 1264 1528 1305 me·

250 1334 372 1393 tieniem
395 1333 461 1391 nidi
500 1334 567 1392 Sola
583 1351 644 1391 rar.
655 1332 816 1406 piliserum,
840 1349 902 1390 cunr
926 1333 1026 1390 formis
1047 1333 1108 1390 suis
1124 1333 1256 1404 diversis,
1279 1334 1339 1391 suis
1362 1334 1433 1392 locis
1457 1351 1528 1392 con·

250 1425 334 1480 stans
356 1423 488 1494 apparet,
511 1421 586 1479 unde
609 1419 688 1478 haud
711 1419 871 1490 mirandum
896 1421 941 1477 est
964 1419 1040 1493 qnod
1060 1423 1194 1478 auctores
1216 1420 1348 1479 nonnulli
1371 1423 1529 1494 praestan·

250 1507 356 1566 tissimi
379 1525 442 1567 eam
465 1524 517 1581 pro
540 1507 636 1580 specie
659 1506 800 1565 distincta
821 1506 1001 1564 habuissent.

337 1593 545 1654 Innovationos
576 1610 628 1667 pro
661 1610 739 1652 more
769 1593 943 1667 complures,
976 1594 1042 1650 3-
1057 1594 1089 1664 6,
1122 1611 1156 1652 ex
1187 1595 1288 1652 eadem
1318 1593 1410 1667 stirpe
1442 1611 1528 1652 enas-

251 1682 356 1740 cuntur
377 1681 421 1740 ita
443 1683 477 1739 ut
499 1681 590 1740 caulis
613 1681 650 1738 ab
673 1679 772 1738 infima
797 1679 857 1738 basi
882 1680 992 1738 divisus
1009 1679 1151 1738 videatur.
1190 1680 1271 1739 Folia
1294 1698 1370 1739 nunc
1392 1682 1529 1754 longiora

251 1786 328 1828 nunc
350 1769 492 1838 breuiora,
515 1767 646 1828 molliora
661 1767 844 1836 solinimons,
867 1767 932 1825 basi
949 1766 1110 1825 albicantia
1125 1767 1207 1839 apice
1225 1768 1407 1826 succulentos
1423 1768 1529 1826 viridia

251 1856 297 1914 val
320 1854 511 1925 rufescontia,
539 1854 677 1914 inferiora
706 1856 803 1912 aetate
834 1852 1222 1929 ferrugineo-inacescantia
1245 1854 1446 1928 reperiuntur;
1478 1873 1530 1912 er·

250 1943 407 2002 siccatione
430 1942 619 2016 complicata,
650 1941 730 1999 vario
753 1941 837 1999 modo
861 1941 982 1998 curuata
1005 1943 1035 1998 et
1058 1941 1253 2015 subtorquata
1270 1942 1408 1999 evadunt.
1446 1942 1529 2001 Folia

251 2046 363 2088 summa
389 2029 498 2089 formae
527 2028 665 2088 normalis
694 2027 903 2101 pariebaetium
932 2027 1063 2086 clansam
1093 2017 1346 2102 subgonimiforme
1377 2029 1529 2102 capsulam

250 2117 337 2191 longe
360 2133 503 2190 superans
526 2115 680 2190 effingunt,
703 2115 734 2172 in
756 2131 832 2173 sarr.
855 2113 876 2186 β
899 2118 928 2173 et
950 2133 968 2190 γ
990 2115 1125 2188 patentia
1147 2118 1176 2173 et
1199 2115 1306 2189 partirn
1330 2115 1437 2174 reflexa
1459 2133 1529 2174 eon-

252 2203 431 2277 spiciuntur,
460 2203 490 2261 in
518 2220 580 2261 rar.
603 2202 622 2261 d
644 2201 793 2276 capsulam
824 2204 904 2260 arcte
934 2201 1190 2275 circumcingentia
1213 2220 1333 2276 eamque
1361 2202 1423 2261 solo
1446 2203 1529 2276 apice

254 2291 419 2350 decolorato
443 2290 621 2364 superantia.

337 2377 479 2450 capsulae
502 2376 594 2436 forma
616 2375 713 2435 variat
736 2376 813 2433 inter
841 2375 1022 2448 sphaericam
1050 2377 1080 2433 et
1108 2376 1423 2448 sphaerico-oraturis,
1453 2377 1531 2434 color

250 2463 328 2522 inter
350 2463 546 2539 ferrugineam
564 2467 594 2522 et
610 2463 795 2532 rutilantem
819 2462 977 2536 pedicellns
993 2478 1068 2520 rrnrrc
1086 2463 1227 2536 ruginula
1243 2463 1291 2521 rix
1306 2463 1430 2538 longior,
1453 2481 1530 2522 nunc

250 2551 296 2608 bis
318 2553 400 2609 terve
423 2551 606 2625 longitudino
629 2567 693 2608 eam
717 2567 859 2624 superans
882 2548 1068 2622 conspicitur.
1114 2551 1256 2624 Calyptra
1285 2555 1387 2608 exacte
1411 2551 1531 2608 cuculli·

250 2636 359 2710 lotarie,
382 2637 430 2696 rix
453 2639 490 2697 ad
513 2637 637 2696 mediam
660 2636 810 2712 capsulam
833 2639 976 2710 porrecta,
999 2635 1058 2694 cito
1081 2635 1235 2696 delabitur.

666 2847 696 2903 8.
734 2847 906 2902 Phaecam
927 2844 1102 2914 bryoldes.

748 2968 848 3027 Drors.
872 2969 915 3026 Pl.
940 2971 1033 3042 crypt.

341 3099 584 3183 Caespitulosum
608 3101 641 3165 et
664 3098 852 3180 caespitans,
883 3099 1034 3181 caespites
1056 3115 1271 3180 nonnunquam
1294 3097 1386 3180 longo
1408 3097 1532 3180 lateque

248 3203 378 3283 extensi,
410 3205 478 3286 plus
501 3203 639 3269 minusve
662 3204 855 3281 condensati,
880 3205 1036 3269 siccitate·
1059 3204 1212 3267 olivnceo·
1236 3203 1268 3268 et
1291 3201 1373 3266 lusco
1405 3201 1530 3266 virides

251 3305 384 3372 Plantae
405 3305 514 3372 5-10
528 3306 653 3372 millim.
678 3307 769 3384 altae,
796 3307 950 3389 simplices
974 3307 1023 3372 vol
1045 3306 1171 3384 divisae,
1195 3307 1297 3371 aetate
1318 3305 1532 3370 decumbentes

251 3429 327 3492 equa
350 3411 417 3476 basi
440 3411 630 3477 innovantes.
668 3410 755 3476 Folia
771 3411 915 3476 inferiora
935 3410 1064 3493 minuta,
1085 3411 1214 3488 remota,
1237 3411 1530 3488 orato-lanceolata,

252 3531 373 3580 summa
402 3515 501 3582 multo
532 3514 667 3598 majora,
698 3516 958 3598 erecto-patentia
989 3517 1037 3580 vel
1066 3515 1134 3597 plus
1162 3515 1301 3580 minusve
1324 3515 1529 3592 conniventis,

251 3617 398 3702 oblongo-
413 3621 446 3683 et
460 3619 805 3704 elongato-lanceolata,
829 3637 971 3697 maseva
994 3618 1132 3702 margine
1150 3619 1269 3702 integro
1284 3637 1420 3698 recurva,
1444 3621 1532 3684 costa

251 3719 284 3784 in
307 3721 462 3804 cuspidem
485 3723 681 3804 procurrente
703 3722 865 3802 instructa,
889 3721 948 3788 reti
970 3721 1024 3786 illo
1048 3721 1255 3804 praecedentis
1277 3721 1416 3788 densiore
1438 3726 1532 3804 utque

252 3823 402 3891 solidiore.
447 3827 520 3890 Flos
543 3827 698 3892 masculus
720 3827 753 3892 in
775 3827 883 3909 planta
902 3825 1032 3909 juvenili
1047 3825 1234 3905 terminalis,
1258 3826 1378 3893 turione
1399 3825 1531 3892 lemirroo

255 3929 311 3994 sub
334 3947 370 3995 oo
393 3929 566 4014 egrediente
589 3931 627 3996 ad
650 3930 734 3996 latus
756 3930 905 4014 dejectus,
938 3930 985 3995 ita
1007 3930 1042 3994 ut
1063 3929 1203 3995 axillaris
1232 3929 1388 4008 rideatur,
1422 3929 1533 3995 fructi-

252 4031 404 4099 ficationis
427 4035 564 4116 temporo
586 4035 763 4118 plerumque
787 4034 1047 4100 semidestrnctus.
1093 4033 1242 4118 Calyptra
1273 4033 1458 4118 majuscula,
1492 4034 1532 4099 ud

252 4135 383 4202 mediam
407 4136 565 4219 capsulam
588 4137 746 4220 producta,
767 4138 930 4202 latescere.
969 4137 1102 4219 Capsula
1118 4137 1149 4201 in
1165 4137 1313 4219 pedicello
1336 4137 1532 4202 solidiuscnlo

251 4242 336 4305 recto
357 4259 534 4324 emergens,
568 4261 687 4307 emersa
709 4242 757 4306 rel
780 4243 849 4308 tota
872 4244 1008 4320 exserta,
1040 4241 1160 4320 erecta,
1192 4241 1310 4319 oralis,
1342 4241 1474 4325 oblonga
1497 4245 1530 4306 et

251 4342 555 4427 oblongo-elliptica,
583 4343 703 4427 saepius
726 4346 836 4412 leniter
859 4345 995 4422 incurva,
1021 4343 1135 4410 sensim
1160 4345 1190 4410 in
1213 4346 1347 4411 rostrum
1370 4345 1526 4426 obliquum

251 4446 398 4512 mutinum
421 4447 576 4532 elongata,
598 4449 699 4527 badia,
723 4468 826 4532 opaca.
861 4448 1016 4532 Vaginula
1039 4449 1151 4526 branis,
1174 4467 1289 4514 massa.
1336 4448 1441 4536 llryol.
1466 4466 1532 4513 eur.

252 4550 322 4617 Vol.
345 4551 370 4629 l,
393 4551 468 4617 Tab.
492 4551 523 4618 6.
