3022 5230
268 303 331 372 376
773 301 1036 374 Physoomitriaoeee.

354 477 462 544 Hebit.
485 476 560 544 locis
582 477 809 544 subnumerosis
832 497 899 544 cum
924 479 1137 562 praecedente:
1160 477 1210 545 hic
1232 479 1294 545 illic
1315 480 1346 544 in
1366 479 1495 544 rulers»

267 601 356 662 naua,
378 583 410 649 iu
425 581 618 660 Neerlandia,
641 584 766 665 pulchre
787 585 819 649 et
841 583 1030 650 abundanter
1052 603 1146 668 prope
1169 584 1335 648 Berecotde
1355 583 1406 648 dit
1424 585 1496 659 rra·-

267 688 430 754 moutauae
452 688 599 772 (Ruruu),
622 687 653 753 in
676 687 786 753 silesia
808 688 919 772 (Nuus,
943 687 1116 766 Surorum,
1139 688 1266 774 llmnnt

355 791 463 857 Fruar.
488 798 603 856 matur.
627 792 792 857 auctunmo
814 793 847 856 et
869 791 968 874 primo
990 810 1069 856 vere.

355 921 457 980 Differt
485 939 503 980 a
530 921 721 994 praecedente
751 921 894 979 simillimo
924 923 1040 980 statura
1063 919 1232 996 plerumque
1254 919 1422 980 robustiore.
1447 919 1489 975 iul'

268 1008 436 1084 majoribus,
457 1008 552 1066 minus
574 1008 717 1079 mollibus,
740 1008 854 1067 acutius
877 1008 1058 1078 acuminatis,
1080 1008 1197 1083 saepius
1219 1007 1302 1081 apice
1324 1023 1415 1082 grener
1434 1023 1492 1060 erro

269 1096 316 1168 tis,
339 1095 388 1154 sed
411 1112 502 1170 aequo
524 1095 608 1155 ruodo
629 1095 694 1153 lare
717 1095 815 1166 textis,
838 1094 959 1169 capsula
980 1095 1098 1168 majore,
1120 1094 1283 1169 pallidiore,
1305 1094 1390 1152 altius
1409 1093 1491 1166 [μὴν.

268 1183 339 1254 lata,
362 1181 473 1242 cellulis
495 1181 614 1256 paulum
634 1182 801 1252 laxioribus,
824 1182 882 1240 illis
905 1182 981 1240 inira
1001 1181 1140 1241 orificium
1166 1182 1273 1256 positis
1299 1181 1388 1240 minus
1407 1190 1488 1236 inme

270 1273 435 1330 transverse
458 1269 637 1344 rectangulis
658 1271 688 1327 et
710 1269 808 1343 potins
831 1269 1047 1342 subquadrntis,
1070 1269 1142 1328 cello
1165 1269 1349 1328 distinctiora
1370 1267 1491 1326 stonactr

269 1356 429 1418 numerosis
451 1359 580 1431 pertuso,
602 1356 696 1431 sporis
718 1356 886 1430 majoribus.

590 1567 623 1624 8.
653 1565 948 1633 Physoomltrium
971 1567 1219 1624 acuminatum.

649 1671 752 1747 Gymn.
775 1689 866 1731 acum.
889 1672 1043 1730 Semeros
1067 1671 1159 1731 datad.

357 1802 417 1868 Pb.
433 1802 596 1887 sphaerico
611 1801 702 1884 paule
717 1801 884 1868 robustius.
914 1801 1002 1867 Ilolia
1024 1802 1295 1886 erecte-patentia,
1315 1799 1497 1866 anteum·

271 1909 348 1986 lata,
370 1908 470 1985 scuta,
492 1923 644 1986 concava,
665 1905 867 1990 integerrima
888 1906 937 1971 vel
960 1906 1046 1988 apice
1069 1906 1177 1972 obtuse
1200 1907 1235 1971 et
1256 1905 1393 1972 obsoleta
1411 1916 1484 1968 serr:

271 2011 360 2078 basin
381 2028 487 2075 versus
509 2011 639 2094 auguste
660 2009 911 2088 luteo-limbata,
941 2011 1027 2076 cesta
1061 2009 1281 2076 subexeedeute
1304 2009 1354 2074 rel
1373 2007 1479 2074 excede·

273 2116 353 2183 sicca
375 2115 501 2193 stricta,
523 2114 591 2180 lare
612 2113 826 2180 incumbentia.
872 2113 1004 2196 capsula
1035 2113 1193 2196 sphaerica
1220 2113 1305 2180 cello
1336 2112 1426 2178 brari.
1449 2128 1497 2172 arn

272 2237 367 2288 vacua
397 2219 454 2284 sub
489 2237 541 2284 ore
578 2217 782 2302 strangulata
827 2217 941 2300 Speras
978 2235 1119 2301 magnae.
1163 2215 1269 2300 Bryol.
1305 2235 1369 2283 eur.
1393 2213 1444 2276 tol
1462 2209 1496 2272 ll.

273 2324 348 2389 'lab
372 2321 446 2387 300.

273 2445 529 2530 Gymnesiomom
562 2443 776 2508 acuminatum
808 2442 973 2509 Senumcn.
998 2441 1098 2508 catal.
1122 2440 1173 2506 Pl.
1196 2447 1304 2526 crypt
1328 2442 1426 2510 belsst
1442 2453 1460 2498 e
1475 2455 1492 2496 ’-·

380 2547 488 2614 Sched.

272 2669 539 2755 Physoomitriam
560 2672 774 2736 acuminatum
795 2669 853 2734 Ba.
876 2671 909 2735 et
930 2667 1004 2734 Son.
1026 2669 1131 2752 Bryol.
1153 2687 1217 2734 eur.
1262 2667 1302 2734 C.
1319 2669 1430 2736 libum
1444 2661 1483 2740 51·-

381 2774 430 2857 (ex
451 2775 564 2858 parte).

358 2893 467 2961 Hodit.
489 2894 521 2959 iu
544 2892 817 2960 limosisValesiae
838 2893 1001 2972 inferioris,
1023 2893 1075 2958 ubi
1098 2893 1300 2960 Scuuurcusrr
1323 2893 1436 2960 detrun
1453 2908 1480 2950 r.

274 3019 366 3083 quam
387 2999 464 3066 alias
487 2999 586 3065 adhuc
607 3001 761 3082 repertum
784 3017 851 3066 esse
872 2998 1001 3064 ridetur.

360 3103 468 3170 Fruct.
491 3111 607 3169 matur.
629 3122 709 3171 rere.

359 3231 463 3292 Didert
484 3231 570 3290 aPir.
585 3231 735 3308 sphaerico
757 3231 834 3292 foliis
855 3231 1046 3306 longioribus,
1068 3249 1102 3290 ex
1125 3230 1252 3306 oblongo
1275 3231 1364 3306 longe
1385 3241 1409 3285 or
1428 3241 1477 3278 *a

275 3319 457 3391 acuminatis,
486 3319 628 3390 concavis,
650 3318 793 3394 rigidulis.
815 3318 926 3378 inferne
950 3319 1074 3393 anguste
1096 3318 1333 3388 luteo-limbatis,
1354 3315 1455 3390 capsula
1475 3324 1497 3343 ¹·

275 3407 442 3482 operculata
465 3407 542 3466 sicca
564 3408 617 3466 sub
640 3423 689 3466 ore
711 3405 882 3477 constricta;
905 3404 988 3465 an.
1000 3406 1156 3482 pies'fomr'
1177 3405 1281 3464 minori
1306 3405 1428 3466 robomn
1441 3401 1484 3456 if·

275 3511 428 3569 eorumque
450 3493 581 3570 margine
602 3493 679 3554 laevi
702 3493 784 3553 basin
807 3511 907 3553 verens
929 3492 1068 3565 limbato,
1090 3493 1225 3567 operculo
1249 3493 1366 3552 brevius
1386 3487 1493 3564 apum·

274 3581 367 3656 sporis
388 3581 476 3655 duplo
498 3581 665 3656 maioribus.

490 3755 496 3768 '
625 3792 659 3850 4.
689 3790 984 3860 Physeomltrium
1004 3789 1191 3859 ptrltorrne.

687 3915 795 3990 Bryum
818 3912 903 3990 pyrii.
919 3914 1001 3974 Lucu.
1018 3913 1066 3986 sp.
1083 3911 1127 3972 Pl.

359 4045 459 4112 Dense
481 4045 657 4130 gregorium
681 4047 730 4112 vel
752 4046 967 4128 caespitosum,
990 4061 1192 4128 congerierum
1217 4043 1390 4108 maximnm.
1427 4030 1498 4092 r'rr':

274 4147 417 4215 humilior
438 4147 538 4226 dense,
560 4149 671 4216 elatior
688 4150 805 4216 remote
819 4149 955 4226 foliosus,
978 4146 1059 4213 haud
1080 4165 1150 4212 raro
1165 4145 1294 4212 divisim
1325 4141 1403 4208 rom
1415 4142 1473 4200 m*-

274 4251 429 4334 pateutiu,
462 4251 568 4335 patula
590 4255 623 4318 et
645 4253 948 4336 flexuose-patentia,
977 4251 1119 4329 flaccida,
1150 4251 1299 4316 oberato-
1318 4253 1349 4314 et
1369 4239 1494 4324 liaustu·

274 4353 454 4434 lanceolata,
477 4375 493 4420 e
517 4356 615 4422 medie
636 4356 676 4423 ad
698 4357 815 4440 apicem
837 4375 943 4442 grosse
964 4355 1098 4432 senam,
1120 4359 1207 4422 costa
1229 4357 1287 4422 sub
1308 4351 1431 4420 munim
1449 4362 1470 4395 ··¹

274 4457 355 4524 uida.
400 4456 531 4543 Capsula
552 4460 615 4526 alte
633 4459 824 4543 pedicellna
846 4459 925 4526 collo
941 4457 1091 4526 tumidrde
1105 4457 1250 4542 adiuncto
1265 4451 1497 4538 bren-pirdw

274 4561 354 4628 sicca
375 4580 471 4628 racua
492 4564 550 4630 sub
572 4581 623 4630 ore
645 4564 821 4644 constricta,
844 4563 974 4648 perfecte
997 4563 1118 4629 matura
1140 4561 1318 4635 rulo-lusca,
1338 4553 1439 4624 ouum
1462 4564 1496 4601 ἢ

275 4665 377 4731 tieiuru
399 4665 589 4751 cingentibus
612 4666 815 4752 pluriseriatis
836 4669 1009 4734 mausverse
1031 4665 1238 4752 rectaugulis,
1267 4661 1388 4734 metuit
1414 4657 1452 4720 ω
1476 4679 1497 4694 “
