3188 5230
516 322 763 382 Ceratodontacsao.
1028 393 1031 398 ,
1224 327 1285 394 143

48 509 135 570 paren,
165 495 276 574 uccln,
308 495 415 561 oram·
436 497 485 562 rel
506 498 815 584 elliptiooolrlongn,
846 500 998 586 regularis
1021 479 1070 567 rel
1091 501 1283 580 subcurrula

47 595 190 662 rulolnsra.
230 596 412 682 Operculum
435 603 565 685 anguste
596 602 752 680 conicum,
785 603 817 669 in
849 606 983 670 rostrum
1018 604 1190 672 suluectnm
1213 625 1284 689 pro·

46 697 152 780 ductum,
172 701 233 766 basi
253 721 384 769 erosum.
428 704 570 772 Annulus
590 706 792 790 compositus,
814 708 908 788 latus,
930 708 1097 776 dissiliens.
1143 709 1283 776 Periste-

47 803 88 866 ni
109 805 198 872 lentes
225 808 418 891 inaequales,
440 810 578 876 cruribus
608 811 731 878 omniuo
761 811 886 891 liberis,
918 811 1075 892 tenuibus,
1110 813 1281 898 fragilibus.

49 905 135 1072 {purae
158 911 392 991 minutissimae,
430 913 639 994 laevissima,
670 913 886 982 translucidae.
931 917 1035 999 Brpol.
1058 935 1121 982 eur.
1146 917 1215 984 Vol.
1238 919 1281 998 Il,

69 1012 106 1074 ab.
121 1013 175 1079 180.
193 1017 198 1026 '

49 1129 232 1214 Caucasum
251 1139 438 1222 fleumocdc,
460 1141 546 1207 caule
568 1139 750 1226 longissimo
774 1141 935 1226 lastigialo
958 1141 1165 1225 subsimplici‚
1196 1143 1279 1210 loliis

127 1239 461 1323 annotato-subulcus,
484 1245 691 1324 subsecuudis‚
708 1249 775 1311 seta
790 1247 901 1323 erecta,
924 1247 1064 1329 operculo
1079 1247 1162 1312 brevi
1178 1249 1277 1322 acuto.

126 1341 290 1414 Scasuson.
315 1347 425 1431 Suppl.
441 1351 466 1428 1,
490 1349 525 1414 P.
542 1349 567 1427 1,
590 1369 619 1432 p.
641 1349 710 1429 113,
733 1350 769 1415 T.
786 1347 838 1414 29.

45 1439 207 1526 osuymouon
225 1451 404 1534 flcmccmis
433 1453 522 1518 Baro.
549 1453 653 1537 Brpol.
677 1473 740 1520 eur.
784 1453 833 1518 Du
856 1453 976 1519 Nossa.
1000 1453 1118 1539 Syllab.
1141 1457 1174 1522 ct
1195 1457 1277 1539 Epil.

48 1547 248 1620 cancamum
266 1557 437 1642 llexicmcle
459 1558 516 1624 Ba.
532 1560 565 1624 et
580 1559 652 1625 Soa.
669 1560 773 1643 Bryol.
790 1579 853 1626 eur.
869 1561 890 1626 l.
905 1579 930 1626 c.
954 1561 1080 1626 Hsuru.
1097 1561 1209 1628 Skuud.
1225 1563 1273 1628 Fl.

46 1649 232 1734 ltplcrriclrnm
251 1663 420 1743 flacicaulc
441 1663 564 1728 Hruru.
608 1661 642 1728 G.
665 1662 800 1728 Moenus
823 1663 952 1746 Synops.

46 1752 96 1819 lar.
114 1766 138 1838 o.
157 1764 285 1850 densam
309 1768 471 1849 compacto
493 1765 707 1849 caespitosum
731 1769 817 1833 caule
832 1767 1005 1847 humiliore,
1027 1767 1127 1834 miuus
1144 1787 1275 1853 ramoso,

122 1865 225 1946 stricto,
245 1871 327 1937 foliis
351 1871 473 1951 erectis,
494 1871 623 1953 strictis,
646 1871 844 1938 brevioribus.

119 1986 209 2055 Helio.
230 1994 266 2058 nel
288 2011 386 2077 rupes
408 1993 561 2059 calcareas
583 1994 616 2058 et
638 1992 670 2058 iu
692 1994 777 2060 terre
794 1993 933 2076 lapidosa
946 1994 1085 2059 calcares
1100 2012 1154 2076 per
1168 1993 1270 2079 regio-

41 2095 261 2162 commonionem
291 2097 446 2181 usquein
470 2097 679 2180 subalpinam‚
708 2097 741 2161 iu
763 2097 930 2179 campestri
951 2098 1129 2180 plerumque
1152 2099 1272 2164 sterile:

41 2189 160 2260 rarissime
177 2197 206 2262 iu
226 2202 305 2267 valle
328 2203 469 2268 rhenano
491 2201 530 2266 ad
553 2201 646 2267 colles
669 2201 821 2268 calcareas
844 2201 946 2266 fertile
962 2202 1103 2284 provenit
1118 2203 1164 2286 (in
1180 2202 1273 2268 Alsa·

40 2288 73 2353 tia
89 2311 166 2376 snper.
186 2319 273 2386 prope
296 2304 450 2388 Ruffaclr,
473 2305 506 2370 in
528 2304 709 2372 Palatinatu
731 2323 825 2387 prope
839 2304 1041 2391 Deceleam),
1064 2305 1273 2388 copiosissime

39 2393 61 2454 il
78 2415 108 2460 u.
126 2401 191 2469 lura
210 2412 240 2472 el
260 2409 291 2472 in
315 2409 392 2490 Alp.
416 2409 574 2476 calcaneis.
612 2409 686 2475 Ver.
710 2416 731 2489 β
754 2410 785 2474 in
808 2427 883 2475 aona
905 2409 1150 2493 septentrionali.

66 2619 75 2680 t
102 2517 189 2590 Frucl.
210 2537 324 2596 untur.
352 2529 437 2613 Majo
460 2531 492 2596 et
513 2531 616 2596 lunio.
660 2531 697 2595 In
721 2529 883 2595 Britannia
914 2530 1011 2595 solum
1036 2530 1141 2595 sterile
1162 2532 1268 2597 obser-

37 2631 65 2678 ιι
77 2639 116 2686 um
134 2631 181 2694 esc

37 2813 41 2820 ,
99 2733 201 2800 Fructus
229 2745 326 2805 rarius
359 2748 500 2805 occurunt
523 2764 609 2822 quarn
633 2747 662 2806 in
686 2747 897 2821 congeneribue
920 2748 950 2805 et
973 2763 1037 2806 cum
1060 2746 1158 2805 adsint
1181 2763 1268 2822 saepe

37 2821 156 2887 rruprrlecti
170 2833 394 2906 conspiciuntur.
426 2832 591 2893 Perislomii
613 2834 716 2892 dentes
738 2834 824 2892 valde
847 2832 968 2908 fragiles
990 2833 1077 2908 paulo
1101 2836 1168 2907 post
1184 2851 1267 2908 oper·

35 2902 76 2960 ruli
93 2905 184 2983 lapsum
206 2920 249 2977 rel
272 2937 340 2980 cum
365 2920 429 2995 ipso
451 2921 585 2996 operculo
609 2922 716 2995 parlim
739 2939 791 2980 rou
814 2920 869 2980 toti
893 2921 1046 2995 effugiunt.

440 3137 476 3192 B.
505 3136 632 3192 Florae
649 3137 808 3194 mouoici.

344 3271 375 3325 6.
405 3269 669 3340 Leptotriohum
690 3272 905 3329 nebularum.

328 3389 433 3449 Bauer
462 3391 493 3450 in
525 3392 679 3451 Sanuuruu
710 3393 754 3451 Pl.
781 3392 921 3468 tingitan.

92 3505 246 3599 hunum,
269 3521 450 3605 gregarium
472 3524 506 3588 et
528 3521 595 3589 laxe
617 3523 865 3605 caespitulosum
888 3521 1049 3604 caespituli
1072 3523 1192 3606 molles,
1215 3524 1264 3590 lu·

29 3603 177 3688 lu-riridee.
219 3623 309 3692 soria
333 3625 466 3692 secunda
488 3627 536 3692 rel
559 3625 693 3709 undique
715 3626 871 3709 patentia,
899 3643 937 3691 ex
967 3627 1058 3692 orata
1079 3626 1147 3692 basi
1169 3626 1263 3695 subu-

27 3703 89 3788 hlt,
114 3717 168 3788 lato
188 3729 327 3808 castata,
350 3731 438 3795 cosla
461 3729 552 3812 plana
574 3731 763 3796 subcoucara
784 3729 966 3806 excedente,
989 3731 1262 3812 sericeo-nitentia,

28 3807 86 3881 ΜΘ
102 3825 127 3887 et
145 3834 371 3900 aureo-viridia
417 3833 603 3902 Antheridia
624 3835 655 3900 iu
675 3835 819 3901 loliorum
842 3833 1006 3902 comalium
1029 3835 1142 3901 axillis.
1181 3835 1261 3919 (lap-
1299 3911 1302 3917 ,

27 3917 77 3984 rulo
94 3933 181 4014 orate,
210 3940 413 4019 mannulata,
442 3939 707 4023 rufo-ferruginea.
752 3939 935 4022 Operculum
966 3958 983 4005 e
1014 3938 1081 4004 basi
1115 3957 1262 4005 convexo·

25 4025 101 4092 turim
126 4033 311 4109 semestre.
356 4043 536 4111 Peristomii
567 4043 673 4110 dentes
698 4043 799 4122 bifidi,
830 4043 969 4110 cruribus
999 4043 1113 4125 partim
1143 4043 1260 4124 riberie,

25 4133 107 4200 lilim
125 4147 266 4212 coumtis.
309 4148 414 4233 Brpol.
438 4167 500 4214 eur.
524 4147 593 4215 Vol.
610 4148 652 4228 II,
674 4148 751 4214 Tab.
770 4146 841 4213 182.

28 4241 230 4424 Tlr'rlogiouum
253 4269 436 4335 mulum
458 4269 516 4335 Ba.
539 4271 571 4335 et
593 4269 662 4338 Seu.
686 4270 792 4354 Brpol.
815 4288 879 4336 eur.
902 4269 969 4335 lc.
999 4267 1129 4334 Wrrsou
1154 4268 1258 4353 Brpol.

24 4367 185 4542 lrtpmssss'„
207 4496 324 4542 curem
346 4479 394 4544 Da
411 4477 530 4543 Nouus.
555 4476 698 4563 Spicileg.
722 4478 755 4543 et
778 4475 855 4562 Syll.

24 4563 212 4644 moseum
240 4581 418 4648 erucarum
440 4581 565 4646 Hirrus.
610 4581 644 4648 O.
667 4582 802 4648 Musaeo
826 4580 954 4665 Spuops.
1000 4577 1073 4644 Son.
1097 4577 1224 4664 Synops.

84 4671 177 4744 Helie.
208 4682 240 4748 in
269 4685 351 4752 terre
381 4685 535 4752 denudata
565 4704 743 4769 pascuorum
771 4687 803 4750 cl
825 4684 864 4751 ad
886 4684 1005 4749 riarum
1030 4682 1113 4749 fossa
1134 4684 1166 4746 ct
1188 4683 1255 4748 loen
