3290 5214
588 1445 855 1562 Praefatio

478 1654 523 1721 nd
547 1655 742 1724 editionem
764 1656 961 1724 secundam.

666 1836 769 1844 —...

167 1947 193 2014 Α
214 1951 321 2018 multis
344 1951 531 2036 bryologiae
553 1953 722 2020 cultoribus
745 1954 839 2019 etiam
862 1956 954 2038 atque
977 1956 1070 2020 etiam
1093 1957 1219 2040 rogatus
1243 1957 1288 2032 et,
1319 1957 1354 2022 ut

87 2051 127 2116 ita
145 2053 248 2134 dicam
269 2077 413 2142 pressus,
438 2056 588 2122 secundae
604 2057 776 2142 Synopseos
799 2059 941 2124 editionis
964 2060 1100 2126 laborem
1123 2059 1243 2144 suscepi
1264 2059 1353 2143 idque

88 2175 141 2221 non
162 2159 223 2224 sine
244 2162 351 2226 multa
374 2180 464 2226 mora
486 2161 517 2225 et
539 2162 748 2240 cunctatione,
773 2182 843 2230 uam
865 2164 921 2228 tali
945 2165 1030 2248 operi
1052 2165 1167 2229 multas
1189 2183 1283 2230 novas
1305 2163 1351 2228 in-

89 2263 298 2347 eeshgationes
321 2284 391 2329 esse
425 2265 611 2330 necessarias
639 2267 671 2330 et
697 2266 728 2330 in
759 2267 803 2332 eis
836 2267 1025 2332 elaborandis
1048 2267 1183 2332 multum
1205 2267 1351 2351 temporis

87 2365 170 2448 atque
185 2388 299 2452 operae
323 2388 392 2432 esse
415 2367 625 2434 collocandum
648 2369 767 2436 animus
789 2370 868 2435 mihi
890 2370 1110 2456 praesagiebat.

163 2489 355 2556 Novissimis
388 2489 579 2572 temporibus
600 2489 777 2555 Muscomm
806 2491 935 2556 seientia
958 2492 1072 2557 multos
1096 2491 1153 2556 sibi
1175 2490 1352 2558 conciliavit

90 2591 190 2658 amicos
212 2595 247 2659 et
271 2593 414 2659 nonnulli
437 2592 496 2656 viri
526 2593 655 2658 recentis
685 2595 797 2659 aetatis
822 2593 991 2660 eruditione
1015 2595 1233 2678 praecellentes
1257 2593 1351 2678 scn‘p-

91 2693 127 2758 tis
147 2697 203 2763 suis
227 2717 262 2763 se
286 2698 369 2762 hanc
391 2697 548 2762 scientiam
571 2699 692 2782 penitus
715 2698 807 2781 atque
829 2699 1059 2764 accuratissime
1080 2700 1252 2782 explorasse
1281 2717 1351 2781 pro·

89 2797 204 2878 barunt;
229 2821 286 2885 spe
310 2801 416 2884 itaque
438 2801 492 2866 diu
514 2801 656 2879 tenebar,
680 2801 762 2880 fore,
789 2803 825 2866 ut
848 2801 915 2885 quis
938 2802 1017 2868 alius
1039 2802 1203 2868 historiam
1226 2803 1351 2866 natura-

85 2902 138 2968 lem
158 2906 345 2972 Muscomm
377 2925 594 2990 europaeomm
625 2909 775 2972 tractaret
804 2909 836 2973 et
863 2907 900 2972 ad
923 2908 1081 2972 meliorem
1104 2906 1227 2972 duceret
1249 2907 1349 2982 finem,

83 3027 164 3088 quam
190 3029 252 3093 per
273 3029 323 3074 me
345 3029 425 3074 nunc
447 3010 514 3074 fieri
536 3012 675 3094 poterat,
707 3011 759 3076 sed
793 3011 873 3095 quod
896 3012 1071 3096 sperabam,
1102 3012 1134 3076 id
1156 3031 1216 3077 non
1240 3010 1350 3076 evenit.

84 3113 136 3192 Qui
157 3115 266 3199 igitur
286 3115 472 3181 recentiores
494 3116 635 3201 bryologi
657 3135 724 3181 mea
741 3117 878 3200 Synopei
901 3137 960 3182 non
982 3117 1119 3183 contenti
1140 3119 1212 3181 sunt
1228 3116 1259 3180 et
1275 3133 1351 3198 quae

83 3220 275 3300 optaverant,
300 3237 335 3282 ea
356 3238 417 3284 non
439 3219 652 3303 impetrarunt,
677 3221 705 3284 ei
728 3240 794 3286 sese
816 3221 899 3304 ipsos
922 3221 1065 3285 accusent
1088 3221 1120 3283 et
1141 3219 1179 3283 ad
1201 3217 1351 3302 quandam

84 3323 238 3390 meliorem
263 3324 297 3388 et
319 3322 530 3406 perfectiorem
553 3323 699 3390 edendam
722 3325 896 3409 properent.

170 3444 327 3525 Quantum
345 3445 377 3509 in
392 3464 441 3509 me
458 3446 532 3523 erat,
556 3445 588 3508 in
610 3446 668 3512 hac
694 3446 792 3510 altera
815 3445 948 3511 editione
964 3442 1150 3509 emendanda
1166 3462 1221 3526 pro
1237 3441 1351 3507 viribus

95 3547 125 3607 et
145 3551 274 3630 tempore
308 3547 442 3612 multum
475 3547 628 3614 consumsi
659 3547 796 3613 studium
828 3550 860 3613 et
893 3548 945 3630 qui
972 3565 1040 3612 eam
1062 3565 1131 3612 cum
1153 3545 1248 3630 priori
1270 3564 1352 3611 com-

94 3651 244 3730 paraverit,
264 3653 293 3718 is
309 3651 401 3718 facile
416 3652 474 3718 sibi
488 3652 691 3737 persuadebit,
712 3651 743 3716 in
759 3651 949 3718 accuratiore
964 3649 1134 3734 speciemm
1148 3648 1352 3732 descriptione

91 3753 186 3819 multe
207 3775 270 3822 esse
294 3757 418 3821 mutata
439 3759 471 3822 et
486 3759 633 3835 correcta,
655 3756 747 3839 atque
763 3755 863 3822 multa
878 3775 958 3822 nova
973 3753 1087 3820 addita.
1119 3752 1239 3837 Species
1254 3771 1350 3818 novae

84 3857 191 3926 abhinc
212 3880 268 3946 per
291 3859 466 3945 quindecim
487 3879 582 3927 anuos
605 3861 743 3927 detectae
766 3859 933 3926 secundum
949 3857 1085 3924 ordinem
1100 3853 1167 3923 loco
1183 3876 1238 3922 suo
1252 3856 1352 3938 inser·

81 3965 132 4028 tae
153 3969 236 4030 sunt.
283 3963 494 4030 Nihilominus
525 3983 585 4031 non
615 3965 704 4049 pauci
727 3962 981 4030 desiderabuntur
1002 3961 1103 4026 Musei
1124 3961 1176 4044 qui
1198 3961 1351 4044 Europam

81 4067 238 4145 incolunt;
272 4065 327 4133 alii
358 4067 437 4133 enim
466 4067 598 4134 tortasse
629 4068 660 4132 in
691 4065 934 4152 ephemeridibus
965 4064 1040 4128 mihi
1068 4063 1183 4149 ignotis
1205 4062 1352 4147 descripti

81 4175 162 4250 sunt,
184 4171 223 4238 de
245 4172 328 4250 aliis,
351 4192 445 4256 quum
468 4172 633 4255 specimina
655 4172 819 4258 originalia
841 4190 901 4236 non
924 4169 1073 4247 adessent,
1097 4168 1129 4232 in
1151 4167 1241 4233 dubio
1258 4187 1350 4244 eram,

81 4277 159 4343 ahos
182 4277 308 4342 tandem
332 4276 438 4354 omisi,
461 4276 548 4360 quia,
575 4275 724 4342 fructibus
746 4274 971 4351 deficientibus,
995 4273 1096 4339 locum
1119 4270 1350 4357 systematieum

81 4381 162 4447 haud
184 4401 293 4448 eruere
315 4381 412 4464 potui.
456 4381 656 4448 Enumeratio
679 4380 860 4465 completior
883 4377 1083 4444 habitationis
1098 4377 1275 4442 Muscomm
1297 4394 1351 4460 per

82 4503 210 4568 parvum
232 4483 373 4570 spatium
394 4484 459 4550 dari
481 4504 542 4552 non
565 4485 695 4570 poteret.

164 4607 273 4674 Pauca
297 4604 401 4671 solum
419 4605 450 4670 in
465 4606 569 4673 ordine
584 4606 782 4693 systematico
797 4604 924 4670 mabri.
955 4602 1123 4669 Nominum
1137 4601 1350 4680 mutationem,

85 4729 173 4794 quam
201 4709 373 4780 recentiori
402 4709 537 4798 tempore
567 4711 709 4800 bryologi
739 4711 927 4796 complures,
961 4708 1144 4794 prioritatis
1178 4707 1223 4774 sic
1250 4704 1351 4772 dictae
