3402 5234
751 293 912 361 Pottiaceat.
1408 303 1471 374 205
1531 301 1536 316 ’

281 479 460 558 Praecipuae
490 482 667 544 solummodo
699 483 819 558 bujusce
851 483 959 559 speciei
987 500 1167 559 summopere
1191 486 1342 546 variabilis
1364 485 1473 548 formas

190 587 329 628 enumero
352 573 382 629 et
405 588 454 630 eas
477 573 593 630 tantum
616 588 689 646 quas
712 573 846 632 auctores
869 571 1016 644 nonnulli,
1040 572 1074 630 ut
1096 572 1276 648 Hedwigine,
1299 574 1474 646 annullatus,

188 655 354 728 Bridelius,
384 675 436 734 pro
466 658 618 733 speciebus
646 659 772 734 propriis
800 659 911 718 hebent
942 660 1030 734 atque
1054 675 1106 733 pro
1129 661 1214 734 parte
1237 661 1370 720 iconibus
1392 662 1474 721 illus·

188 746 289 815 trant3
325 743 433 804 multos
456 745 530 806 aliae
551 745 647 804 minus
669 744 754 806 facile
778 745 990 822 dignoscendas
1013 748 1043 804 et
1066 746 1114 806 rix
1137 748 1338 807 memorabiles
1360 749 1473 808 omitto.

279 849 347 908 Ver.
372 867 386 909 e
409 848 556 924 porticellis
578 851 704 910 occurrit
725 849 809 908 2-4
825 849 935 908 millim.
950 849 1148 922 metientibus,
1172 851 1355 928 capsulisquo
1371 856 1473 914 exacte

186 934 366 1011 cylindricis.

637 1063 685 1118 le.
724 1061 881 1120 Barbula
901 1061 1020 1118 fallu.

695 1183 796 1242 Hanw.
820 1184 910 1242 linae.
933 1183 969 1244 fr.

276 1313 358 1378 Lare
380 1314 412 1378 et
431 1313 522 1396 longe
537 1311 660 1395 lateque
675 1312 858 1396 caespitans,
881 1313 1034 1396 caespites
1049 1313 1263 1380 fusco-viriles
1280 1313 1355 1382 sicci
1369 1315 1472 1381 fusco·

184 1417 258 1484 rufi.
303 1415 408 1484 Oculis
428 1417 532 1501 junior
554 1417 702 1500 simplex,
725 1417 870 1484 annosior
891 1416 1065 1483 innovando
1087 1435 1238 1496 ramosus,
1261 1418 1380 1498 elatus,
1404 1419 1470 1486 basi

183 1521 295 1588 infima
318 1522 349 1586 et
371 1521 410 1587 ad
432 1521 539 1603 pedem
562 1521 794 1587 innovationnm
817 1521 966 1588 redicens.
997 1521 1086 1587 Folia
1100 1539 1263 1604 squamosa
1279 1523 1311 1588 et
1325 1541 1467 1590 recurvo·

183 1625 370 1704 divaricata,
393 1627 533 1693 siccitate
555 1626 692 1703 tortilia,
715 1644 732 1691 e
754 1627 822 1692 basi
843 1626 954 1692 latiore
975 1626 1147 1692 lanceolata
1168 1629 1201 1690 et
1222 1625 1471 1692 lineali-leuceo-

183 1731 270 1808 lata,
301 1731 457 1809 connata,
481 1729 621 1814 margine
642 1729 802 1809 reuoluta,
835 1729 968 1796 breuiter
989 1729 1158 1812 papillosa,
1187 1727 1306 1794 cellulis
1329 1727 1469 1811 minutis,

182 1833 428 1919 pacbydermiois
456 1833 582 1900 luteolis
604 1832 766 1915 diapbanis
797 1833 828 1898 in
851 1833 918 1898 toto
941 1832 1016 1898 folio
1038 1851 1135 1916 usque
1157 1832 1197 1898 ad
1219 1831 1358 1898 intimam
1381 1833 1469 1900 basin

183 1937 382 2019 aequaliorem
404 1938 637 2021 periebaetielia
660 1954 753 2021 nsque
776 1937 816 2004 ad
839 1937 973 2003 medium
996 1937 1256 2022 semivagu'nantia
1279 1937 1388 2004 dehinc
1412 1957 1469 2004 an·

183 2048 278 2131 gnate
293 2046 465 2114 lanceolata
480 2047 638 2130 patentia;
661 2046 774 2124 omnia,
797 2045 927 2112 novellis
942 2046 1023 2113 laete
1038 2045 1186 2114 viridibus
1201 2046 1345 2130 exceptis,
1368 2047 1469 2114 breco-

184 2149 306 2229 riridia,
330 2151 450 2218 seniora
472 2152 596 2218 omniuo
617 2151 829 2230 mseeeeeulia,
853 2151 936 2217 baud
958 2169 1027 2217 raro
1053 2150 1238 2235 ferruginea.
1282 2150 1469 2234 Capsulain

183 2253 334 2336 pedioello
357 2255 422 2322 rulo
444 2255 576 2321 flexuoso
598 2258 729 2340 anguste
752 2255 1008 2339 ovato-oblonga,
1032 2253 1148 2321 sensim
1171 2256 1351 2340 augustata,
1374 2255 1468 2323 leuis-

183 2356 264 2423 sima
282 2361 422 2436 curvata,
445 2358 652 2438 solidiuscula,
676 2360 820 2426 brunnea.
852 2357 1002 2444 Calyptra
1022 2359 1102 2424 iufra
1118 2358 1293 2441 operculum
1308 2360 1467 2442 producta,

183 2461 341 2528 subulete.
378 2462 564 2546 Operculum
584 2482 778 2546 purpureum,
801 2462 988 2540 subulelum,
1012 2462 1168 2546 capsulam
1183 2461 1377 2547 longitudine
1393 2463 1466 2530 sub-

183 2586 329 2652 aequaus.
367 2567 546 2636 Peristomii
568 2568 674 2635 dentes
696 2568 728 2633 in
751 2567 927 2634 membrana
950 2567 1080 2634 basilari
1102 2566 1324 2651 augustissima
1346 2565 1466 2652 longis-

181 2671 267 2752 simi,
289 2671 405 2756 pluriea
427 2675 512 2740 arcte
533 2674 676 2753 contorti,
698 2672 837 2739 siccitate
859 2670 1020 2739 subsoluti.
1066 2669 1180 2755 Sporae
1202 2667 1368 2751 minimae,
1399 2671 1467 2738 lae-

181 2795 248 2844 res.
293 2777 398 2862 Bryol.
423 2797 485 2844 enr.
508 2777 579 2844 Vol.
595 2778 639 2857 II,
660 2778 737 2844 Tab.
758 2776 829 2843 147.

183 2899 332 2964 Barbula
359 2898 467 2982 [abac
496 2896 580 2964 foliis
611 2897 902 2980 recurvato-patulis
935 2897 1234 2982 perigenialibusque
1266 2896 1464 2963 interioribus

295 3003 424 3070 masculi
446 3002 690 3081 exiascieulalis,
721 3003 865 3085 capsulae
896 3002 1046 3088 oblongae
1078 3004 1220 3086 operculo
1252 3001 1373 3084 oblique
1395 3019 1465 3068 ros·

296 3107 389 3174 trabe.
434 3107 544 3172 Huuu.
568 3106 589 3172 l.
613 3126 639 3173 c.
664 3107 689 3185 l,
711 3127 741 3190 p.
766 3105 817 3186 62,
840 3105 917 3172 Tab.
941 3105 993 3172 24.

229 3209 370 3277 Sonuurz
392 3211 519 3278 Recens.
551 3212 641 3276 Bam.
664 3210 771 3294 Bryol.
794 3209 878 3275 univ.
910 3209 1000 3276 Wnu.
1023 3213 1055 3276 et
1078 3211 1176 3276 Mona
1198 3210 1234 3275 B.
1259 3211 1295 3275 T.
1325 3208 1464 3277 Swennz.

293 3315 390 3382 Mune.
413 3314 500 3382 Suec.
545 3315 646 3381 Hoou.
670 3316 703 3380 et
723 3314 818 3379 Turn.
864 3313 996 3380 Wrusou
1018 3314 1123 3398 Bryol.
1146 3312 1227 3378 Brit.
1273 3313 1321 3378 Du
1343 3313 1463 3380 Nema.

293 3419 369 3504 Syll.
392 3421 425 3486 et
447 3419 528 3503 Epil.
572 3420 699 3485 Haaru.
731 3418 844 3484 Skend.
867 3418 916 3484 Fi.
962 3416 995 3484 G.
1019 3417 1154 3484 Muenna
1177 3416 1306 3501 Synops.
1407 3497 1413 3514 .

178 3525 257 3594 Ver.
280 3531 312 3605 β.
335 3525 532 3591 ereceaulie.
576 3522 680 3590 Caulis
703 3522 821 3601 brevis,
844 3522 984 3605 simplex.
1029 3522 1118 3588 Folia
1140 3521 1286 3600 conferta,
1311 3521 1462 3605 patentia,

292 3631 429 3716 margine
460 3631 675 3698 subundulata.
720 3628 853 3713 Capsula
883 3629 1023 3709 brevior,
1057 3629 1196 3712 operculo
1224 3626 1463 3712 peristomioque

292 3734 491 3802 brevioribus.
536 3735 642 3820 Bryol.
665 3753 729 3800 enr.
753 3733 774 3798 l.
798 3751 825 3799 o.
1033 3795 1042 3806 ,

180 3839 328 3906 Barbula
349 3839 535 3906 breviooulie
558 3838 740 3904 Senonum.
765 3835 870 3922 Suppl.
916 3835 1057 3904 Sonuum
1079 3837 1205 3903 Recens.
1242 3835 1332 3901 Bam.
1356 3833 1463 3917 Bryol.

291 3965 373 4012 nuru.

176 4049 253 4118 Var.
271 4076 298 4135 y.
321 4050 497 4134 breeifolr'o,
520 4049 644 4117 densius
668 4047 852 4132 caespitoso,
875 4045 1090 4132 gracilescens,
1112 4044 1414 4130 fastigialo-ramosa
1430 4043 1463 4107 et

290 4155 455 4222 ramulosa.
494 4154 582 4222 Folia
604 4151 895 4230 ovalo-lanceolata,
918 4169 935 4218 e
957 4149 1057 4216 medio
1081 4150 1189 4233 patula
1212 4149 1244 4215 et
1266 4147 1461 4222 subrecurva.

291 4259 423 4344 capsula
446 4259 583 4344 parvule,
606 4256 819 4343 peristomium
841 4255 973 4323 brevius.
1018 4253 1159 4321 Scuuurz
1181 4253 1308 4319 Recens.

178 4365 328 4432 Barbula
349 4365 516 4447 breoe'folr'o
537 4364 629 4429 Bam.
652 4362 758 4446 Brpol.
781 4360 864 4426 univ.

268 4469 379 4536 Hobit.
404 4469 436 4535 iu
458 4471 544 4536 terra
565 4465 870 4554 argilloso-calcares
893 4465 925 4530 et
947 4464 1053 4530 silicea
1074 4459 1319 4536 humidiusoula,
1341 4456 1381 4523 ad
1403 4474 1461 4542 ag-

176 4594 279 4662 geres,
301 4573 421 4642 riarum
443 4572 609 4658 margines,
631 4571 663 4639 in
685 4570 782 4636 muris
804 4572 889 4635 terra
910 4568 1051 4646 obtectis,
1074 4567 1106 4632 in
1129 4565 1218 4632 fossis
1234 4562 1394 4630 exsiccatis
1410 4579 1460 4627 re-

177 4679 281 4766 gionis
303 4679 485 4764 campestris
501 4677 735 4765 vulgatissimar
758 4690 856 4757 rear
879 4672 1039 4756 praecipue
1060 4672 1093 4736 in
1115 4689 1191 4736 nona
1214 4660 1460 4750 septentrionali.
