<?xml version="1.0" encoding="UTF-8"?>
<!DOCTYPE html PUBLIC "-//W3C//DTD XHTML 1.0 Transitional//EN"
    "http://www.w3.org/TR/xhtml1/DTD/xhtml1-transitional.dtd">
<html xmlns="http://www.w3.org/1999/xhtml" xml:lang="en" lang="en">
 <head>
  <title>
</title>
<meta http-equiv="Content-Type" content="text/html;charset=utf-8" />
  <meta name='ocr-system' content='tesseract 3.04.00' />
  <meta name='ocr-capabilities' content='ocr_page ocr_carea ocr_par ocr_line ocrx_word'/>
</head>
<body>
  <div class='ocr_page' id='page_1' title='image "./synopsismuscoru00schigoog_0188.png"; bbox 0 0 3208 5214; ppageno 0'>
   <div class='ocr_carea' id='block_1_1' title="bbox 242 285 972 366">
    <p class='ocr_par' dir='ltr' id='par_1_1' title="bbox 242 285 972 366">
     <span class='ocr_line' id='line_1_1' title="bbox 242 285 972 366; baseline -0.011 -19"><span class='ocrx_word' id='word_1_1' title='bbox 242 298 286 366; x_wconf 73' lang='grc'><strong>24</strong></span> <span class='ocrx_word' id='word_1_2' title='bbox 787 285 972 343; x_wconf 75' lang='lat' dir='ltr'><strong>Bmehinoeae</strong></span> 
     </span>
    </p>
   </div>
   <div class='ocr_carea' id='block_1_2' title="bbox 244 457 1522 555">
    <p class='ocr_par' dir='ltr' id='par_1_2' title="bbox 244 457 1522 555">
     <span class='ocr_line' id='line_1_2' title="bbox 244 457 1522 555; baseline -0.013 -16"><span class='ocrx_word' id='word_1_3' title='bbox 244 473 435 539; x_wconf 77' lang='lat' dir='ltr'><strong>Aretidium</strong></span> <span class='ocrx_word' id='word_1_4' title='bbox 463 467 651 555; x_wconf 77' lang='lat' dir='ltr'><strong>ptuaooides</strong></span> <span class='ocrx_word' id='word_1_5' title='bbox 687 464 778 529; x_wconf 83' lang='lat' dir='ltr'><strong>Bulu.</strong></span> <span class='ocrx_word' id='word_1_6' title='bbox 810 461 917 545; x_wconf 82' lang='lat' dir='ltr'><strong>Bryol</strong></span> <span class='ocrx_word' id='word_1_7' title='bbox 955 458 1038 524; x_wconf 88' lang='lat' dir='ltr'><strong>univ.</strong></span> <span class='ocrx_word' id='word_1_8' title='bbox 1073 457 1165 524; x_wconf 77' lang='lat'>1826.</span> <span class='ocrx_word' id='word_1_9' title='bbox 1220 457 1319 522; x_wconf 82' lang='lat' dir='ltr'><strong>Becu.</strong></span> <span class='ocrx_word' id='word_1_10' title='bbox 1357 459 1392 522; x_wconf 86' lang='lat' dir='ltr'><strong>et</strong></span> <span class='ocrx_word' id='word_1_11' title='bbox 1430 459 1522 526; x_wconf 75' lang='lat' dir='ltr'><strong>Seue.</strong></span> 
     </span>
    </p>
   </div>
   <div class='ocr_carea' id='block_1_3' title="bbox 240 574 1524 977">
    <p class='ocr_par' dir='ltr' id='par_1_3' title="bbox 240 574 1524 977">
     <span class='ocr_line' id='line_1_3' title="bbox 350 574 582 659; baseline -0.026 -17"><span class='ocrx_word' id='word_1_12' title='bbox 350 574 456 659; x_wconf 83' lang='lat' dir='ltr'><strong>Bryol.</strong></span> <span class='ocrx_word' id='word_1_13' title='bbox 479 591 582 655; x_wconf 90' lang='lat' dir='ltr'><strong>europ.</strong></span> 
     </span>
     <span class='ocr_line' id='line_1_4' title="bbox 286 667 1524 761; baseline -0.011 -15"><span class='ocrx_word' id='word_1_14' title='bbox 286 681 336 746; x_wconf 84' lang='lat' dir='ltr'><strong>De</strong></span> <span class='ocrx_word' id='word_1_15' title='bbox 357 679 435 744; x_wconf 84' lang='lat' dir='ltr'><strong>Nor.</strong></span> <span class='ocrx_word' id='word_1_16' title='bbox 458 677 535 761; x_wconf 82' lang='lat' dir='ltr'><strong>Syll.</strong></span> <span class='ocrx_word' id='word_1_17' title='bbox 558 677 592 740; x_wconf 85' lang='lat' dir='ltr'><strong>et</strong></span> <span class='ocrx_word' id='word_1_18' title='bbox 613 673 694 756; x_wconf 75' lang='lat' dir='ltr'><strong>Epil,</strong></span> <span class='ocrx_word' id='word_1_19' title='bbox 729 671 763 736; x_wconf 82' lang='lat' dir='ltr'><strong>G.</strong></span> <span class='ocrx_word' id='word_1_20' title='bbox 786 669 922 734; x_wconf 80' lang='lat' dir='ltr'><strong>Momm</strong></span> <span class='ocrx_word' id='word_1_21' title='bbox 944 669 1075 751; x_wconf 75' lang='lat' dir='ltr'><strong>Syoops.</strong></span> <span class='ocrx_word' id='word_1_22' title='bbox 1119 668 1278 733; x_wconf 80' lang='lat' dir='ltr'><strong>Hsuruuu</strong></span> <span class='ocrx_word' id='word_1_23' title='bbox 1301 667 1417 734; x_wconf 77' lang='lat' dir='ltr'><strong>Skoncl</strong></span> <span class='ocrx_word' id='word_1_24' title='bbox 1442 667 1524 732; x_wconf 85' lang='lat' dir='ltr'><strong>Flor.</strong></span> 
     </span>
     <span class='ocr_line' id='line_1_5' title="bbox 327 786 1524 876; baseline -0.011 -12"><span class='ocrx_word' id='word_1_25' title='bbox 327 799 436 863; x_wconf 82' lang='lat' dir='ltr'><strong>Hobil.</strong></span> <span class='ocrx_word' id='word_1_26' title='bbox 460 795 492 860; x_wconf 94' lang='lat' dir='ltr'><strong>in</strong></span> <span class='ocrx_word' id='word_1_27' title='bbox 514 792 738 876; x_wconf 77' lang='lat' dir='ltr'><strong>campestribus</strong></span> <span class='ocrx_word' id='word_1_28' title='bbox 762 792 794 855; x_wconf 91' lang='lat' dir='ltr'><strong>et</strong></span> <span class='ocrx_word' id='word_1_29' title='bbox 816 788 939 854; x_wconf 86' lang='lat' dir='ltr'><strong>erioetis</strong></span> <span class='ocrx_word' id='word_1_30' title='bbox 971 786 1104 853; x_wconf 86' lang='lat' dir='ltr'>humidis</span> <span class='ocrx_word' id='word_1_31' title='bbox 1132 807 1187 869; x_wconf 83' lang='lat' dir='ltr'><strong>per</strong></span> <span class='ocrx_word' id='word_1_32' title='bbox 1209 789 1363 869; x_wconf 76' lang='lat' dir='ltr'><strong>Europam</strong></span> <span class='ocrx_word' id='word_1_33' title='bbox 1388 787 1524 852; x_wconf 81' lang='lat' dir='ltr'><strong>mediam</strong></span> 
     </span>
     <span class='ocr_line' id='line_1_6' title="bbox 240 891 945 977; baseline -0.017 -6"><span class='ocrx_word' id='word_1_34' title='bbox 240 906 273 971; x_wconf 91' lang='lat' dir='ltr'><strong>et</strong></span> <span class='ocrx_word' id='word_1_35' title='bbox 295 901 535 977; x_wconf 71' lang='lat' dir='ltr'>meridionalem,</span> <span class='ocrx_word' id='word_1_36' title='bbox 558 917 627 964; x_wconf 88' lang='lat' dir='ltr'><strong>raro</strong></span> <span class='ocrx_word' id='word_1_37' title='bbox 649 897 681 960; x_wconf 93' lang='lat' dir='ltr'><strong>in</strong></span> <span class='ocrx_word' id='word_1_38' title='bbox 704 891 945 976; x_wconf 78' lang='lat' dir='ltr'><strong>septentrionali.</strong></span> 
     </span>
    </p>
   </div>
   <div class='ocr_carea' id='block_1_4' title="bbox 329 1013 1079 1100">
    <p class='ocr_par' dir='ltr' id='par_1_4' title="bbox 329 1013 1079 1100">
     <span class='ocr_line' id='line_1_7' title="bbox 329 1013 1079 1100; baseline -0.017 -10"><span class='ocrx_word' id='word_1_39' title='bbox 329 1025 438 1090; x_wconf 70' lang='lat' dir='ltr'><strong>urea.</strong></span> <span class='ocrx_word' id='word_1_40' title='bbox 461 1028 576 1086; x_wconf 80' lang='lat' dir='ltr'><strong>molor.</strong></span> <span class='ocrx_word' id='word_1_41' title='bbox 599 1037 619 1082; x_wconf 91' lang='lat' dir='ltr'><strong>a</strong></span> <span class='ocrx_word' id='word_1_42' title='bbox 641 1017 740 1100; x_wconf 87' lang='lat' dir='ltr'><strong>primo</strong></span> <span class='ocrx_word' id='word_1_43' title='bbox 763 1033 833 1080; x_wconf 84' lang='lat' dir='ltr'><strong>vere</strong></span> <span class='ocrx_word' id='word_1_44' title='bbox 855 1013 894 1079; x_wconf 86' lang='lat' dir='ltr'><strong>ad</strong></span> <span class='ocrx_word' id='word_1_45' title='bbox 916 1013 1079 1078; x_wconf 72' lang='lat' dir='ltr'><strong>aestatem.</strong></span> 
     </span>
    </p>
   </div>
   <div class='ocr_carea' id='block_1_5' title="bbox 242 1141 1528 1391">
    <p class='ocr_par' dir='ltr' id='par_1_5' title="bbox 242 1141 1528 1391">
     <span class='ocr_line' id='line_1_8' title="bbox 329 1141 1526 1218; baseline -0.009 -7"><span class='ocrx_word' id='word_1_46' title='bbox 329 1153 425 1212; x_wconf 90' lang='lat' dir='ltr'><strong>Primo</strong></span> <span class='ocrx_word' id='word_1_47' title='bbox 448 1150 559 1210; x_wconf 90' lang='lat' dir='ltr'><strong>intuitu</strong></span> <span class='ocrx_word' id='word_1_48' title='bbox 581 1146 799 1206; x_wconf 84' lang='lat' dir='ltr'><strong>similitudinem</strong></span> <span class='ocrx_word' id='word_1_49' title='bbox 816 1145 962 1218; x_wconf 82' lang='lat' dir='ltr'><strong>quandam</strong></span> <span class='ocrx_word' id='word_1_50' title='bbox 978 1159 1042 1200; x_wconf 90' lang='lat' dir='ltr'><strong>oum</strong></span> <span class='ocrx_word' id='word_1_51' title='bbox 1057 1141 1211 1201; x_wconf 75' lang='lat' dir='ltr'><strong>Pleuoidio</strong></span> <span class='ocrx_word' id='word_1_52' title='bbox 1225 1141 1410 1212; x_wconf 76' lang='lat' dir='ltr'><strong>alternisole&#39;o</strong></span> <span class='ocrx_word' id='word_1_53' title='bbox 1426 1145 1526 1202; x_wconf 80' lang='lat' dir='ltr'><strong>bienni</strong></span> 
     </span>
     <span class='ocr_line' id='line_1_9' title="bbox 242 1228 1528 1308; baseline -0.009 -9"><span class='ocrx_word' id='word_1_54' title='bbox 242 1240 369 1300; x_wconf 84' lang='lat' dir='ltr'><strong>exhibet.</strong></span> <span class='ocrx_word' id='word_1_55' title='bbox 400 1238 498 1298; x_wconf 81' lang='lat' dir='ltr'><strong>caulis</strong></span> <span class='ocrx_word' id='word_1_56' title='bbox 513 1252 628 1297; x_wconf 90' lang='lat' dir='ltr'><strong>annuus</strong></span> <span class='ocrx_word' id='word_1_57' title='bbox 646 1235 713 1308; x_wconf 84' lang='lat' dir='ltr'><strong>post</strong></span> <span class='ocrx_word' id='word_1_58' title='bbox 736 1231 988 1290; x_wconf 80' lang='lat' dir='ltr'><strong>fructificationem</strong></span> <span class='ocrx_word' id='word_1_59' title='bbox 1011 1229 1158 1288; x_wconf 80' lang='lat' dir='ltr'><strong>decumbit</strong></span> <span class='ocrx_word' id='word_1_60' title='bbox 1180 1247 1252 1303; x_wconf 83' lang='lat' dir='ltr'><strong>eque</strong></span> <span class='ocrx_word' id='word_1_61' title='bbox 1275 1228 1413 1288; x_wconf 87' lang='lat' dir='ltr'><strong>loliorum</strong></span> <span class='ocrx_word' id='word_1_62' title='bbox 1430 1232 1528 1290; x_wconf 80' lang='lat' dir='ltr'><strong>axillis</strong></span> 
     </span>
     <span class='ocr_line' id='line_1_10' title="bbox 243 1315 1527 1391; baseline -0.009 -4"><span class='ocrx_word' id='word_1_63' title='bbox 243 1327 342 1387; x_wconf 80' lang='lat' dir='ltr'><strong>caules</strong></span> <span class='ocrx_word' id='word_1_64' title='bbox 371 1325 502 1386; x_wconf 82' lang='lat' dir='ltr'><strong>novellos</strong></span> <span class='ocrx_word' id='word_1_65' title='bbox 532 1325 643 1381; x_wconf 84' lang='lat' dir='ltr'><strong>orestus</strong></span> <span class='ocrx_word' id='word_1_66' title='bbox 669 1319 783 1379; x_wconf 72' lang='lat' dir='ltr'><strong>fertiles</strong></span> <span class='ocrx_word' id='word_1_67' title='bbox 809 1317 932 1387; x_wconf 83' lang='lat' dir='ltr'><strong>emittit,</strong></span> <span class='ocrx_word' id='word_1_68' title='bbox 965 1315 1039 1375; x_wconf 89' lang='lat' dir='ltr'><strong>undu</strong></span> <span class='ocrx_word' id='word_1_69' title='bbox 1069 1315 1173 1391; x_wconf 86' lang='lat' dir='ltr'><strong>planta</strong></span> <span class='ocrx_word' id='word_1_70' title='bbox 1200 1315 1314 1374; x_wconf 87' lang='lat' dir='ltr'><strong>biennis</strong></span> <span class='ocrx_word' id='word_1_71' title='bbox 1343 1317 1454 1378; x_wconf 77' lang='lat' dir='ltr'><strong>clario·</strong></span> <span class='ocrx_word' id='word_1_72' title='bbox 1484 1321 1527 1376; x_wconf 69' lang='lat' dir='ltr'><strong>vel</strong></span> 
     </span>
    </p>
   </div>
   <div class='ocr_carea' id='block_1_6' title="bbox 242 1410 1042 1572">
    <p class='ocr_par' dir='ltr' id='par_1_6' title="bbox 242 1410 1042 1572">
     <span class='ocr_line' id='line_1_11' title="bbox 242 1410 665 1489; baseline -0.019 -16"><span class='ocrx_word' id='word_1_73' title='bbox 242 1414 433 1489; x_wconf 87' lang='lat' dir='ltr'><strong>pleurocarpa</strong></span> <span class='ocrx_word' id='word_1_74' title='bbox 455 1429 518 1471; x_wconf 86' lang='lat' dir='ltr'><strong>esse</strong></span> <span class='ocrx_word' id='word_1_75' title='bbox 541 1410 665 1468; x_wconf 81' lang='lat' dir='ltr'><strong>ridetur.</strong></span> 
     </span>
     <span class='ocr_line' id='line_1_12' title="bbox 328 1493 1042 1572; baseline -0.014 -12"><span class='ocrx_word' id='word_1_76' title='bbox 328 1500 441 1560; x_wconf 84' lang='lat' dir='ltr'><strong>Nomen</strong></span> <span class='ocrx_word' id='word_1_77' title='bbox 464 1499 595 1572; x_wconf 85' lang='lat' dir='ltr'><strong>ineptum</strong></span> <span class='ocrx_word' id='word_1_78' title='bbox 614 1493 791 1570; x_wconf 81' lang='lat' dir='ltr'><strong>ptuscoides</strong></span> <span class='ocrx_word' id='word_1_79' title='bbox 811 1493 965 1552; x_wconf 80' lang='lat' dir='ltr'><strong>delendum</strong></span> <span class='ocrx_word' id='word_1_80' title='bbox 989 1495 1042 1550; x_wconf 85' lang='lat' dir='ltr'><strong>est.</strong></span> 
     </span>
    </p>
   </div>
   <div class='ocr_carea' id='block_1_7' title="bbox 546 1753 1093 1987">
    <p class='ocr_par' dir='ltr' id='par_1_7' title="bbox 546 1753 1093 1987">
     <span class='ocr_line' id='line_1_13' title="bbox 786 1753 976 1825; baseline 0.005 -1"><span class='ocrx_word' id='word_1_81' title='bbox 786 1753 976 1825; x_wconf 72' lang='lat' dir='ltr'><strong>ranan.</strong></span> 
     </span>
     <span class='ocr_line' id='line_1_14' title="bbox 546 1901 1093 1987; baseline -0.005 0"><span class='ocrx_word' id='word_1_82' title='bbox 546 1943 549 1948; x_wconf 95' lang='lat'>·</span> <span class='ocrx_word' id='word_1_83' title='bbox 662 1901 1093 1987; x_wconf 86' lang='lat' dir='ltr'><strong>Pleuridieoe.</strong></span> 
     </span>
    </p>
   </div>
   <div class='ocr_carea' id='block_1_8' title="bbox 240 2077 1528 2690">
    <p class='ocr_par' dir='ltr' id='par_1_8' title="bbox 240 2077 1528 2690">
     <span class='ocr_line' id='line_1_15' title="bbox 333 2077 1528 2160; baseline 0.001 -14"><span class='ocrx_word' id='word_1_84' title='bbox 333 2082 465 2148; x_wconf 84' lang='lat' dir='ltr'><strong>Plantae</strong></span> <span class='ocrx_word' id='word_1_85' title='bbox 486 2098 605 2146; x_wconf 84' lang='lat' dir='ltr'><strong>annuae</strong></span> <span class='ocrx_word' id='word_1_86' title='bbox 628 2079 676 2144; x_wconf 86' lang='lat' dir='ltr'><strong>rel</strong></span> <span class='ocrx_word' id='word_1_87' title='bbox 699 2097 716 2142; x_wconf 92' lang='lat' dir='ltr'><strong>e</strong></span> <span class='ocrx_word' id='word_1_88' title='bbox 737 2079 824 2143; x_wconf 88' lang='lat' dir='ltr'><strong>oaule</strong></span> <span class='ocrx_word' id='word_1_89' title='bbox 846 2077 993 2159; x_wconf 86' lang='lat' dir='ltr'><strong>primario</strong></span> <span class='ocrx_word' id='word_1_90' title='bbox 1016 2079 1086 2160; x_wconf 86' lang='lat' dir='ltr'><strong>post</strong></span> <span class='ocrx_word' id='word_1_91' title='bbox 1107 2077 1224 2143; x_wconf 82' lang='lat' dir='ltr'><strong>fruetus</strong></span> <span class='ocrx_word' id='word_1_92' title='bbox 1239 2079 1462 2147; x_wconf 82' lang='lat' dir='ltr'><strong>matuuitatem</strong></span> <span class='ocrx_word' id='word_1_93' title='bbox 1476 2081 1528 2146; x_wconf 81' lang='lat' dir='ltr'><strong>(le-</strong></span> 
     </span>
     <span class='ocr_line' id='line_1_16' title="bbox 241 2181 1527 2267; baseline 0.001 -15"><span class='ocrx_word' id='word_1_94' title='bbox 241 2186 412 2264; x_wconf 83' lang='lat' dir='ltr'><strong>oumbeutu,</strong></span> <span class='ocrx_word' id='word_1_95' title='bbox 436 2184 492 2250; x_wconf 87' lang='lat' dir='ltr'><strong>sub</strong></span> <span class='ocrx_word' id='word_1_96' title='bbox 514 2183 599 2266; x_wconf 84' lang='lat' dir='ltr'><strong>apios</strong></span> <span class='ocrx_word' id='word_1_97' title='bbox 621 2183 802 2249; x_wconf 79' lang='lat' dir='ltr'><strong>innovantes</strong></span> <span class='ocrx_word' id='word_1_98' title='bbox 818 2184 909 2264; x_wconf 86' lang='lat' dir='ltr'><strong>atque</strong></span> <span class='ocrx_word' id='word_1_99' title='bbox 924 2181 1050 2267; x_wconf 84' lang='lat' dir='ltr'><strong>flagella</strong></span> <span class='ocrx_word' id='word_1_100' title='bbox 1064 2183 1261 2266; x_wconf 80' lang='lat' dir='ltr'><strong>proferentes.</strong></span> <span class='ocrx_word' id='word_1_101' title='bbox 1296 2183 1388 2250; x_wconf 83' lang='lat' dir='ltr'><strong>Folia</strong></span> <span class='ocrx_word' id='word_1_102' title='bbox 1406 2185 1527 2253; x_wconf 80' lang='lat' dir='ltr'><strong>lauoeo-</strong></span> 
     </span>
     <span class='ocr_line' id='line_1_17' title="bbox 241 2287 1526 2372; baseline -0.002 -14"><span class='ocrx_word' id='word_1_103' title='bbox 241 2291 307 2358; x_wconf 87' lang='lat' dir='ltr'><strong>lato</strong></span> <span class='ocrx_word' id='word_1_104' title='bbox 329 2291 361 2356; x_wconf 92' lang='lat' dir='ltr'><strong>et</strong></span> <span class='ocrx_word' id='word_1_105' title='bbox 383 2308 400 2354; x_wconf 90' lang='lat' dir='ltr'><strong>e</strong></span> <span class='ocrx_word' id='word_1_106' title='bbox 422 2289 490 2354; x_wconf 85' lang='lat' dir='ltr'><strong>basi</strong></span> <span class='ocrx_word' id='word_1_107' title='bbox 519 2287 650 2372; x_wconf 81' lang='lat' dir='ltr'><strong>oblonga</strong></span> <span class='ocrx_word' id='word_1_108' title='bbox 679 2287 1050 2366; x_wconf 67' lang='lat' dir='ltr'><strong>lanceolam-subulam,</strong></span> <span class='ocrx_word' id='word_1_109' title='bbox 1082 2287 1170 2371; x_wconf 90' lang='lat' dir='ltr'><strong>apioe</strong></span> <span class='ocrx_word' id='word_1_110' title='bbox 1198 2291 1317 2354; x_wconf 86' lang='lat' dir='ltr'><strong>remote</strong></span> <span class='ocrx_word' id='word_1_111' title='bbox 1351 2291 1386 2356; x_wconf 85' lang='lat' dir='ltr'><strong>et</strong></span> <span class='ocrx_word' id='word_1_112' title='bbox 1418 2291 1526 2358; x_wconf 83' lang='lat' dir='ltr'><strong>obtuse</strong></span> 
     </span>
     <span class='ocr_line' id='line_1_18' title="bbox 240 2392 1525 2480; baseline -0.004 -16"><span class='ocrx_word' id='word_1_113' title='bbox 240 2399 376 2476; x_wconf 82' lang='lat' dir='ltr'><strong>serrata,</strong></span> <span class='ocrx_word' id='word_1_114' title='bbox 400 2395 516 2472; x_wconf 87' lang='lat' dir='ltr'><strong>nitida,</strong></span> <span class='ocrx_word' id='word_1_115' title='bbox 538 2395 660 2461; x_wconf 86' lang='lat' dir='ltr'><strong>oostata</strong></span> <span class='ocrx_word' id='word_1_116' title='bbox 683 2412 804 2458; x_wconf 86' lang='lat' dir='ltr'><strong>summe</strong></span> <span class='ocrx_word' id='word_1_117' title='bbox 826 2392 855 2456; x_wconf 88' lang='lat' dir='ltr'><strong>in</strong></span> <span class='ocrx_word' id='word_1_118' title='bbox 879 2411 998 2459; x_wconf 87' lang='lat' dir='ltr'><strong>comam</strong></span> <span class='ocrx_word' id='word_1_119' title='bbox 1021 2394 1175 2477; x_wconf 79' lang='lat' dir='ltr'><strong>congesto.</strong></span> <span class='ocrx_word' id='word_1_120' title='bbox 1221 2393 1357 2476; x_wconf 79' lang='lat' dir='ltr'><strong>capsula</strong></span> <span class='ocrx_word' id='word_1_121' title='bbox 1381 2395 1414 2461; x_wconf 91' lang='lat' dir='ltr'><strong>iu</strong></span> <span class='ocrx_word' id='word_1_122' title='bbox 1439 2397 1525 2480; x_wconf 82' lang='lat' dir='ltr'><strong>pedi-</strong></span> 
     </span>
     <span class='ocr_line' id='line_1_19' title="bbox 240 2497 1526 2584; baseline -0.003 -16"><span class='ocrx_word' id='word_1_123' title='bbox 240 2503 319 2568; x_wconf 89' lang='lat' dir='ltr'><strong>oello</strong></span> <span class='ocrx_word' id='word_1_124' title='bbox 349 2499 432 2566; x_wconf 83' lang='lat' dir='ltr'><strong>brevi</strong></span> <span class='ocrx_word' id='word_1_125' title='bbox 461 2499 591 2584; x_wconf 83' lang='lat' dir='ltr'><strong>pallido,</strong></span> <span class='ocrx_word' id='word_1_126' title='bbox 630 2501 742 2564; x_wconf 85' lang='lat' dir='ltr'><strong>ovato·</strong></span> <span class='ocrx_word' id='word_1_127' title='bbox 749 2499 878 2581; x_wconf 83' lang='lat' dir='ltr'><strong>globosa</strong></span> <span class='ocrx_word' id='word_1_128' title='bbox 911 2501 943 2563; x_wconf 88' lang='lat' dir='ltr'><strong>et</strong></span> <span class='ocrx_word' id='word_1_129' title='bbox 971 2499 1063 2563; x_wconf 83' lang='lat' dir='ltr'><strong>ovata</strong></span> <span class='ocrx_word' id='word_1_130' title='bbox 1086 2497 1381 2579; x_wconf 70' lang='lat' dir='ltr'><strong>orori-apiculam,</strong></span> <span class='ocrx_word' id='word_1_131' title='bbox 1417 2501 1526 2573; x_wconf 77' lang='lat' dir='ltr'><strong>laesis,</strong></span> 
     </span>
     <span class='ocr_line' id='line_1_20' title="bbox 243 2601 1433 2690; baseline 0 -20"><span class='ocrx_word' id='word_1_132' title='bbox 243 2605 350 2672; x_wconf 86' lang='lat' dir='ltr'><strong>nitida.</strong></span> <span class='ocrx_word' id='word_1_133' title='bbox 396 2603 545 2690; x_wconf 78' lang='lat' dir='ltr'><strong>Galyptra</strong></span> <span class='ocrx_word' id='word_1_134' title='bbox 567 2622 663 2686; x_wconf 82' lang='lat' dir='ltr'><strong>parva</strong></span> <span class='ocrx_word' id='word_1_135' title='bbox 685 2602 848 2668; x_wconf 89' lang='lat' dir='ltr'><strong>oueullata.</strong></span> <span class='ocrx_word' id='word_1_136' title='bbox 893 2601 1007 2684; x_wconf 79' lang='lat' dir='ltr'><strong>Speras</strong></span> <span class='ocrx_word' id='word_1_137' title='bbox 1031 2601 1212 2685; x_wconf 78' lang='lat' dir='ltr'><strong>majuscula,</strong></span> <span class='ocrx_word' id='word_1_138' title='bbox 1234 2604 1433 2686; x_wconf 82' lang='lat' dir='ltr'><strong>grauulstae.</strong></span> 
     </span>
    </p>
   </div>
   <div class='ocr_carea' id='block_1_9' title="bbox 689 2844 1070 2923">
    <p class='ocr_par' dir='ltr' id='par_1_9' title="bbox 689 2844 1070 2923">
     <span class='ocr_line' id='line_1_21' title="bbox 689 2844 1070 2923; baseline 0 0"><span class='ocrx_word' id='word_1_139' title='bbox 689 2845 767 2923; x_wconf 79' lang='lat' dir='ltr'><strong>Gen.</strong></span> <span class='ocrx_word' id='word_1_140' title='bbox 787 2849 814 2922; x_wconf 93' lang='lat'><strong>1.</strong></span> <span class='ocrx_word' id='word_1_141' title='bbox 855 2844 1070 2923; x_wconf 84' lang='lat' dir='ltr'><strong>Plemidium.</strong></span> 
     </span>
    </p>
   </div>
   <div class='ocr_carea' id='block_1_10' title="bbox 508 3008 1251 3088">
    <p class='ocr_par' dir='ltr' id='par_1_10' title="bbox 508 3008 1251 3088">
     <span class='ocr_line' id='line_1_22' title="bbox 508 3008 1251 3088; baseline -0.004 -17"><span class='ocrx_word' id='word_1_142' title='bbox 508 3013 591 3072; x_wconf 85' lang='lat' dir='ltr'><strong>Bam.</strong></span> <span class='ocrx_word' id='word_1_143' title='bbox 615 3012 711 3088; x_wconf 75' lang='lat' dir='ltr'><strong>Bryol.</strong></span> <span class='ocrx_word' id='word_1_144' title='bbox 735 3009 813 3070; x_wconf 87' lang='lat' dir='ltr'><strong>univ.</strong></span> <span class='ocrx_word' id='word_1_145' title='bbox 837 3025 890 3084; x_wconf 86' lang='lat' dir='ltr'><strong>pro</strong></span> <span class='ocrx_word' id='word_1_146' title='bbox 913 3009 974 3071; x_wconf 86' lang='lat' dir='ltr'><strong>solo</strong></span> <span class='ocrx_word' id='word_1_147' title='bbox 997 3011 1034 3068; x_wconf 86' lang='lat' dir='ltr'><strong>P.</strong></span> <span class='ocrx_word' id='word_1_148' title='bbox 1058 3008 1251 3080; x_wconf 73' lang='lat' dir='ltr'><strong>ullmtfolio.</strong></span> 
     </span>
    </p>
   </div>
   <div class='ocr_carea' id='block_1_11' title="bbox 240 3158 1525 3348">
    <p class='ocr_par' dir='ltr' id='par_1_11' title="bbox 240 3158 1525 3348">
     <span class='ocr_line' id='line_1_23' title="bbox 327 3158 1525 3241; baseline -0.002 -13"><span class='ocrx_word' id='word_1_149' title='bbox 327 3161 430 3228; x_wconf 85' lang='lat' dir='ltr'><strong>Genus</strong></span> <span class='ocrx_word' id='word_1_150' title='bbox 453 3160 585 3228; x_wconf 81' lang='lat' dir='ltr'><strong>unicum.</strong></span> <span class='ocrx_word' id='word_1_151' title='bbox 631 3159 749 3225; x_wconf 89' lang='lat' dir='ltr'><strong>Nomou</strong></span> <span class='ocrx_word' id='word_1_152' title='bbox 773 3181 792 3226; x_wconf 88' lang='lat' dir='ltr'><strong>a</strong></span> <span class='ocrx_word' id='word_1_153' title='bbox 815 3159 915 3224; x_wconf 85' lang='lat' dir='ltr'><strong>iruotu</strong></span> <span class='ocrx_word' id='word_1_154' title='bbox 938 3161 1009 3241; x_wconf 89' lang='lat' dir='ltr'><strong>post</strong></span> <span class='ocrx_word' id='word_1_155' title='bbox 1031 3158 1259 3224; x_wconf 81' lang='lat' dir='ltr'><strong>innovationem</strong></span> <span class='ocrx_word' id='word_1_156' title='bbox 1282 3159 1430 3239; x_wconf 79' lang='lat' dir='ltr'><strong>laterali,</strong></span> <span class='ocrx_word' id='word_1_157' title='bbox 1455 3161 1475 3226; x_wconf 94' lang='lat' dir='ltr'><strong>i.</strong></span> <span class='ocrx_word' id='word_1_158' title='bbox 1497 3181 1525 3226; x_wconf 84' lang='lat' dir='ltr'><strong>e.</strong></span> 
     </span>
     <span class='ocr_line' id='line_1_24' title="bbox 240 3263 926 3348; baseline -0.006 -16"><span class='ocrx_word' id='word_1_159' title='bbox 240 3265 279 3332; x_wconf 83' lang='lat' dir='ltr'><strong>ad</strong></span> <span class='ocrx_word' id='word_1_160' title='bbox 302 3265 384 3332; x_wconf 84' lang='lat' dir='ltr'><strong>latus</strong></span> <span class='ocrx_word' id='word_1_161' title='bbox 405 3265 525 3348; x_wconf 86' lang='lat' dir='ltr'><strong>dejecto</strong></span> <span class='ocrx_word' id='word_1_162' title='bbox 546 3265 749 3347; x_wconf 85' lang='lat' dir='ltr'><strong>desumptum.</strong></span> <span class='ocrx_word' id='word_1_163' title='bbox 795 3265 872 3330; x_wconf 87' lang='lat' dir='ltr'><strong>Tab.</strong></span> <span class='ocrx_word' id='word_1_164' title='bbox 899 3263 926 3328; x_wconf 93' lang='lat' dir='ltr'><strong>l.</strong></span> 
     </span>
    </p>
   </div>
   <div class='ocr_carea' id='block_1_12' title="bbox 241 3386 1276 3678">
    <p class='ocr_par' dir='ltr' id='par_1_12' title="bbox 241 3386 1276 3678">
     <span class='ocr_line' id='line_1_25' title="bbox 241 3386 807 3470; baseline 0 -18"><span class='ocrx_word' id='word_1_165' title='bbox 241 3387 441 3452; x_wconf 79' lang='lat' dir='ltr'><strong>Pleoridium</strong></span> <span class='ocrx_word' id='word_1_166' title='bbox 464 3386 554 3452; x_wconf 74' lang='lat' dir='ltr'><strong>scus.</strong></span> <span class='ocrx_word' id='word_1_167' title='bbox 578 3386 683 3470; x_wconf 79' lang='lat' dir='ltr'><strong>Bryol.</strong></span> <span class='ocrx_word' id='word_1_168' title='bbox 705 3405 807 3469; x_wconf 88' lang='lat' dir='ltr'><strong>europ.</strong></span> 
     </span>
     <span class='ocr_line' id='line_1_26' title="bbox 241 3488 1276 3571; baseline 0.004 -16"><span class='ocrx_word' id='word_1_169' title='bbox 241 3489 399 3555; x_wconf 76' lang='lat' dir='ltr'><strong>Plancum</strong></span> <span class='ocrx_word' id='word_1_170' title='bbox 421 3491 537 3556; x_wconf 88' lang='lat' dir='ltr'><strong>auctor.</strong></span> <span class='ocrx_word' id='word_1_171' title='bbox 561 3489 653 3571; x_wconf 85' lang='lat' dir='ltr'><strong>prior.</strong></span> <span class='ocrx_word' id='word_1_172' title='bbox 699 3489 839 3567; x_wconf 85' lang='lat' dir='ltr'><strong>Wusuu,</strong></span> <span class='ocrx_word' id='word_1_173' title='bbox 863 3489 1037 3556; x_wconf 79' lang='lat' dir='ltr'><strong>Sunnrvuur</strong></span> <span class='ocrx_word' id='word_1_174' title='bbox 1060 3488 1142 3556; x_wconf 87' lang='lat' dir='ltr'><strong>inter</strong></span> <span class='ocrx_word' id='word_1_175' title='bbox 1163 3493 1276 3559; x_wconf 82' lang='lat' dir='ltr'><strong>meent.</strong></span> 
     </span>
     <span class='ocr_line' id='line_1_27' title="bbox 242 3593 1205 3678; baseline -0.001 -19"><span class='ocrx_word' id='word_1_176' title='bbox 242 3594 405 3659; x_wconf 75' lang='lat' dir='ltr'><strong>Artemam</strong></span> <span class='ocrx_word' id='word_1_177' title='bbox 427 3593 541 3658; x_wconf 76' lang='lat' dir='ltr'><strong>Hunos</strong></span> <span class='ocrx_word' id='word_1_178' title='bbox 564 3593 595 3658; x_wconf 88' lang='lat' dir='ltr'><strong>iu</strong></span> <span class='ocrx_word' id='word_1_179' title='bbox 618 3595 706 3660; x_wconf 89' lang='lat' dir='ltr'><strong>Liun.</strong></span> <span class='ocrx_word' id='word_1_180' title='bbox 734 3593 826 3660; x_wconf 76' lang='lat'><strong>1832.</strong></span> <span class='ocrx_word' id='word_1_181' title='bbox 869 3595 903 3662; x_wconf 85' lang='lat' dir='ltr'><strong>C.</strong></span> <span class='ocrx_word' id='word_1_182' title='bbox 918 3593 1054 3660; x_wconf 73' lang='lat' dir='ltr'><strong>Memno</strong></span> <span class='ocrx_word' id='word_1_183' title='bbox 1076 3594 1205 3678; x_wconf 73' lang='lat' dir='ltr'><strong>Synops,</strong></span> 
     </span>
    </p>
   </div>
   <div class='ocr_carea' id='block_1_13' title="bbox 352 3793 1400 3926">
    <p class='ocr_par' dir='ltr' id='par_1_13' title="bbox 352 3793 1400 3926">
     <span class='ocr_line' id='line_1_28' title="bbox 352 3793 1400 3926; baseline 0.006 -24"><span class='ocrx_word' id='word_1_184' title='bbox 352 3839 392 3902; x_wconf 85' lang='lat' dir='ltr'><strong>A.</strong></span> <span class='ocrx_word' id='word_1_185' title='bbox 439 3793 572 3904; x_wconf 67' lang='lat' dir='ltr'><strong>Floras</strong></span> <span class='ocrx_word' id='word_1_186' title='bbox 595 3839 819 3904; x_wconf 81' lang='lat' dir='ltr'><strong>biuexoules</strong></span> <span class='ocrx_word' id='word_1_187' title='bbox 841 3842 899 3904; x_wconf 82' lang='lat' dir='ltr'><strong>ool</strong></span> <span class='ocrx_word' id='word_1_188' title='bbox 921 3837 1153 3904; x_wconf 75' lang='lat' dir='ltr'><strong>antheridio</strong></span> <span class='ocrx_word' id='word_1_189' title='bbox 1174 3838 1400 3926; x_wconf 76' lang='lat' dir='ltr'><strong>luypoqyuu.</strong></span> 
     </span>
    </p>
   </div>
   <div class='ocr_carea' id='block_1_14' title="bbox 653 4047 1104 4110">
    <p class='ocr_par' dir='ltr' id='par_1_14' title="bbox 653 4047 1104 4110">
     <span class='ocr_line' id='line_1_29' title="bbox 653 4047 1104 4110; baseline 0.02 -9"><span class='ocrx_word' id='word_1_190' title='bbox 653 4047 679 4102; x_wconf 91' lang='lat'><strong>1.</strong></span> <span class='ocrx_word' id='word_1_191' title='bbox 716 4047 921 4106; x_wconf 81' lang='lat' dir='ltr'><strong>Pleunldum</strong></span> <span class='ocrx_word' id='word_1_192' title='bbox 943 4050 1104 4110; x_wconf 83' lang='lat' dir='ltr'><strong>nitidum.</strong></span> 
     </span>
    </p>
   </div>
   <div class='ocr_carea' id='block_1_15' title="bbox 616 4183 1146 4268">
    <p class='ocr_par' dir='ltr' id='par_1_15' title="bbox 616 4183 1146 4268">
     <span class='ocr_line' id='line_1_30' title="bbox 616 4183 1146 4268; baseline 0.019 -26"><span class='ocrx_word' id='word_1_193' title='bbox 616 4183 759 4246; x_wconf 87' lang='lat' dir='ltr'><strong>Phasoum</strong></span> <span class='ocrx_word' id='word_1_194' title='bbox 784 4188 907 4248; x_wconf 85' lang='lat' dir='ltr'><strong>nitidum</strong></span> <span class='ocrx_word' id='word_1_195' title='bbox 931 4191 1033 4252; x_wconf 80' lang='lat' dir='ltr'><strong>llsnw.</strong></span> <span class='ocrx_word' id='word_1_196' title='bbox 1057 4193 1146 4268; x_wconf 80' lang='lat' dir='ltr'><strong>stirp.</strong></span> 
     </span>
    </p>
   </div>
   <div class='ocr_carea' id='block_1_16' title="bbox 242 4331 1519 4735">
    <p class='ocr_par' dir='ltr' id='par_1_16' title="bbox 242 4331 1519 4735">
     <span class='ocr_line' id='line_1_31' title="bbox 328 4331 1519 4420; baseline 0.013 -24"><span class='ocrx_word' id='word_1_197' title='bbox 328 4331 460 4398; x_wconf 87' lang='lat' dir='ltr'><strong>Plantae</strong></span> <span class='ocrx_word' id='word_1_198' title='bbox 482 4333 667 4413; x_wconf 82' lang='lat' dir='ltr'><strong>minutulas,</strong></span> <span class='ocrx_word' id='word_1_199' title='bbox 698 4337 845 4420; x_wconf 80' lang='lat' dir='ltr'><strong>graciles,</strong></span> <span class='ocrx_word' id='word_1_200' title='bbox 873 4339 1005 4407; x_wconf 85' lang='lat' dir='ltr'><strong>humiles</strong></span> <span class='ocrx_word' id='word_1_201' title='bbox 1028 4340 1076 4406; x_wconf 83' lang='lat' dir='ltr'><strong>rel</strong></span> <span class='ocrx_word' id='word_1_202' title='bbox 1108 4343 1281 4420; x_wconf 83' lang='lat' dir='ltr'><strong>anhelatae,</strong></span> <span class='ocrx_word' id='word_1_203' title='bbox 1312 4347 1393 4414; x_wconf 87' lang='lat' dir='ltr'><strong>mill.</strong></span> <span class='ocrx_word' id='word_1_204' title='bbox 1416 4349 1519 4414; x_wconf 76' lang='lat'><strong>2-6</strong></span> 
     </span>
     <span class='ocr_line' id='line_1_32' title="bbox 242 4433 1517 4524; baseline 0.013 -24"><span class='ocrx_word' id='word_1_205' title='bbox 242 4433 414 4514; x_wconf 83' lang='lat' dir='ltr'><strong>metientes,</strong></span> <span class='ocrx_word' id='word_1_206' title='bbox 437 4435 517 4502; x_wconf 87' lang='lat' dir='ltr'><strong>haud</strong></span> <span class='ocrx_word' id='word_1_207' title='bbox 539 4457 610 4505; x_wconf 86' lang='lat' dir='ltr'><strong>raro</strong></span> <span class='ocrx_word' id='word_1_208' title='bbox 634 4439 671 4505; x_wconf 90' lang='lat' dir='ltr'><strong>ad</strong></span> <span class='ocrx_word' id='word_1_209' title='bbox 694 4440 810 4507; x_wconf 84' lang='lat' dir='ltr'><strong>fructus</strong></span> <span class='ocrx_word' id='word_1_210' title='bbox 833 4443 921 4509; x_wconf 85' lang='lat' dir='ltr'><strong>basin</strong></span> <span class='ocrx_word' id='word_1_211' title='bbox 943 4445 1142 4524; x_wconf 83' lang='lat' dir='ltr'><strong>innovantes,</strong></span> <span class='ocrx_word' id='word_1_212' title='bbox 1171 4448 1220 4514; x_wconf 83' lang='lat' dir='ltr'><strong>vel</strong></span> <span class='ocrx_word' id='word_1_213' title='bbox 1242 4449 1299 4514; x_wconf 88' lang='lat' dir='ltr'><strong>sub</strong></span> <span class='ocrx_word' id='word_1_214' title='bbox 1324 4451 1401 4516; x_wconf 89' lang='lat' dir='ltr'><strong>llore</strong></span> <span class='ocrx_word' id='word_1_215' title='bbox 1423 4453 1517 4518; x_wconf 83' lang='lat' dir='ltr'><strong>eonti-</strong></span> 
     </span>
     <span class='ocr_line' id='line_1_33' title="bbox 242 4539 1517 4640; baseline 0.015 -36"><span class='ocrx_word' id='word_1_216' title='bbox 242 4557 319 4606; x_wconf 86' lang='lat' dir='ltr'><strong>uuae</strong></span> <span class='ocrx_word' id='word_1_217' title='bbox 341 4539 606 4624; x_wconf 84' lang='lat' dir='ltr'><strong>eodemqueanno</strong></span> <span class='ocrx_word' id='word_1_218' title='bbox 629 4543 745 4610; x_wconf 80' lang='lat' dir='ltr'><strong>fruetus</strong></span> <span class='ocrx_word' id='word_1_219' title='bbox 769 4547 872 4628; x_wconf 83' lang='lat' dir='ltr'><strong>plures</strong></span> <span class='ocrx_word' id='word_1_220' title='bbox 900 4549 1097 4631; x_wconf 80' lang='lat' dir='ltr'><strong>proterentes.</strong></span> <span class='ocrx_word' id='word_1_221' title='bbox 1142 4551 1229 4618; x_wconf 80' lang='lat' dir='ltr'><strong>solia</strong></span> <span class='ocrx_word' id='word_1_222' title='bbox 1250 4557 1517 4640; x_wconf 73' lang='lat' dir='ltr'><strong>sueto-palentia.</strong></span> 
     </span>
     <span class='ocr_line' id='line_1_34' title="bbox 244 4643 1517 4735; baseline 0.015 -27"><span class='ocrx_word' id='word_1_223' title='bbox 244 4643 414 4710; x_wconf 82' lang='lat' dir='ltr'><strong>lanceolata</strong></span> <span class='ocrx_word' id='word_1_224' title='bbox 436 4646 469 4709; x_wconf 91' lang='lat' dir='ltr'><strong>et</strong></span> <span class='ocrx_word' id='word_1_225' title='bbox 489 4644 794 4726; x_wconf 79' lang='lat' dir='ltr'><strong>lineali-lanceolata,</strong></span> <span class='ocrx_word' id='word_1_226' title='bbox 817 4651 901 4734; x_wconf 87' lang='lat' dir='ltr'><strong>apioe</strong></span> <span class='ocrx_word' id='word_1_227' title='bbox 916 4654 1052 4720; x_wconf 82' lang='lat' dir='ltr'><strong>obsoleto</strong></span> <span class='ocrx_word' id='word_1_228' title='bbox 1068 4659 1197 4735; x_wconf 81' lang='lat' dir='ltr'><strong>serrata,</strong></span> <span class='ocrx_word' id='word_1_229' title='bbox 1219 4661 1307 4724; x_wconf 82' lang='lat' dir='ltr'><strong>ooota</strong></span> <span class='ocrx_word' id='word_1_230' title='bbox 1323 4659 1405 4728; x_wconf 80' lang='lat' dir='ltr'><strong>inira</strong></span> <span class='ocrx_word' id='word_1_231' title='bbox 1419 4665 1517 4728; x_wconf 73' lang='lat' dir='ltr'><strong>erue-</strong></span> 
     </span>
    </p>
   </div>
   <div class='ocr_carea' id='block_1_17' title="bbox 0 0 1610 5214">
    <p class='ocr_par' dir='ltr' id='par_1_17' title="bbox 0 0 1610 5214">
     <span class='ocr_line' id='line_1_35' title="bbox 0 0 1610 5214; baseline 0 0"><span class='ocrx_word' id='word_1_232' title='bbox 0 0 1610 5214; x_wconf 95' lang='lat' dir='ltr'><strong> </strong></span> 
     </span>
    </p>
   </div>
  </div>
 </body>
</html>
