3316 5262
312 332 376 401 796
867 333 1035 409 nmmo

397 510 506 575 Hectit.
529 509 562 576 in
584 509 740 594 paludosis
763 512 795 576 et
816 512 854 577 ad
877 531 965 596 rupes
988 513 1135 580 irroratas
1152 513 1279 596 Alpium
1301 511 1565 582 scandinaricamm

310 613 342 678 ct
372 610 405 678 in
427 611 601 697 Lapponiae
634 614 796 698 paludibus
830 617 982 682 extensis:
1016 616 1049 682 in
1082 617 1240 700 Lapponia
1271 617 1383 683 lulensi
1407 617 1566 682 Humanas

310 717 434 796 sterile,
465 719 495 784 et
516 717 549 783 in
572 717 684 800 pitensi
706 719 787 786 inira
809 720 881 803 Alp.
906 721 1006 788 Korea
1027 721 1219 789 bucularum
1241 724 1403 790 Lmnnrna
1423 720 1512 806 legit,
1541 721 1568 784 in

310 821 442 904 Alpibus
459 822 607 888 Getoclen
628 826 660 888 et
676 823 880 910 Scaeolcdpca
902 825 1119 903 Jemtlandiae,
1141 825 1174 892 in
1197 827 1358 910 paludibus
1380 845 1471 910 pmpe
1492 825 1569 889 ltro·

309 925 510 1011 aeedolotcrp
532 925 726 1009 Herjedaliae
748 930 780 991 et
803 929 942 1010 pluribus
965 929 1040 994 locis
1055 929 1127 1012 Alp.
1142 930 1331 1015 Dcoreffietd
1352 929 1464 995 iratres
1477 929 1570 992 llam·

309 1047 376 1093 nnn
398 1047 466 1094 cum
488 1029 637 1096 fructibus
659 1031 801 1114 legerunt
824 1034 856 1096 et
879 1049 996 1098 meeum
1019 1035 1117 1098 amice
1139 1035 1459 1110 communicaverunt,
1489 1049 1570 1114 propa

310 1133 458 1219 dyodecade
478 1134 653 1218 Lapponiae
685 1134 821 1200 umensis
851 1137 929 1228 sept.
961 1155 1119 1218 procerum
1152 1137 1298 1219 profunde
1327 1137 1527 1219 caespitosum
1545 1137 1571 1199 et

310 1238 412 1304 l'ertile
433 1239 473 1306 cl.
498 1241 671 1306 Anusrndsc
700 1241 814 1322 reperit
846 1242 878 1305 et
900 1241 1035 1324 pulchris
1058 1241 1276 1324 speciminibus
1297 1261 1349 1308 me
1371 1241 1503 1307 domuit
1542 1239 1572 1304 ln

309 1342 487 1428 Heriedalia
509 1344 614 1410 sterile
636 1344 750 1410 lectum
772 1344 810 1411 cl.
834 1345 1015 1410 hausurus
1037 1364 1117 1411 anno
1142 1345 1227 1410 1844
1248 1345 1344 1412 dedit.

398 1446 505 1512 Fruet.
529 1455 646 1513 motor.
670 1448 793 1513 ineunte
815 1451 945 1515 aestate.

396 1558 513 1632 Species
535 1559 738 1633 pulcherrima,
761 1559 992 1630 distinctissime,
1014 1559 1092 1620 foliis
1114 1559 1296 1620 brevioribus
1317 1560 1476 1620 latioribus
1489 1560 1576 1619 solidis

310 1644 650 1718 comicum-uitantibus,
682 1647 793 1718 aureis,
825 1646 1033 1721 cupreo-rufis,
1060 1647 1290 1719 lacescentibus,
1318 1648 1419 1708 badiis
1442 1651 1471 1708 et
1492 1652 1575 1707 aetate

309 1731 538 1807 trigricantibus,
571 1733 740 1792 densissime
765 1734 927 1794 reticulatis
949 1735 987 1793 ad
1016 1733 1101 1793 basin
1124 1733 1294 1810 fragilibus,
1321 1735 1447 1810 capsula
1468 1735 1576 1809 paruula

309 1819 582 1894 tonui-pedicellata
605 1821 689 1880 valde
712 1821 837 1897 insignis
860 1824 890 1880 et
913 1839 977 1880 oum
1000 1821 1081 1880 nulla
1102 1823 1218 1897 generis
1241 1823 1459 1882 commutanda
1501 1822 1575 1880 ltne-

309 1909 358 1967 tus
379 1908 557 1983 plerumque,
580 1912 682 1968 contra
696 1909 795 1983 gentis
817 1925 911 1978 usum,
933 1925 1034 1967 verens
1049 1911 1163 1983 partem
1179 1909 1272 1969 caulis
1286 1910 1469 1984 superiorem
1483 1909 1576 1984 reperi·

310 1996 407 2054 untur.
1065 1989 1068 1998 ’

396 2097 521 2158 Plantae
543 2115 620 2158 nunc
643 2100 809 2174 prostratae
832 2098 980 2158 breviores
1003 2097 1160 2158 crassiores
1183 2098 1261 2160 foliis
1283 2099 1333 2159 rix
1357 2099 1493 2172 falcatis,
1512 2117 1575 2159 nnnc

310 2186 422 2245 erectae
457 2185 605 2246 confertae
633 2185 760 2263 graciles
789 2184 979 2260 semipedales
1009 2184 1087 2245 foliis
1114 2185 1232 2246 falcatis
1254 2187 1344 2276 paulo
1369 2187 1575 2265 angustioribus

309 2273 493 2346 proveniunt.
537 2274 626 2334 Sedes
648 2274 678 2332 in
701 2273 774 2333 serie
796 2273 957 2348 specierum
979 2272 1109 2332 naturali
1130 2273 1243 2334 incerta
1265 2275 1318 2335 est.

683 2473 893 2561 apogeum.
937 2473 1201 2558 Sc'orpidinm.

394 2632 524 2698 Plantae
540 2649 692 2715 procerae,
714 2630 1032 2715 fastigiata-ramosae
1046 2649 1137 2714 parce
1152 2631 1334 2710 ramulosse,
1351 2635 1484 2710 erectae,
1506 2633 1574 2699 foliis

307 2736 430 2822 turgide
446 2735 774 2814 secundo-imbricatis,
796 2736 882 2814 latis,
905 2734 1034 2813 obtusis,
1057 2735 1213 2814 mollibus,
1237 2736 1459 2818 subecostatis,
1480 2756 1574 2822 angra

307 2839 427 2906 tissime
450 2839 633 2919 reticulatis,
656 2839 881 2907 indurescentia
904 2837 1012 2906 dioiea.

700 3059 751 3116 ¹18.
778 3057 947 3127 nannum
969 3057 1192 3126 scorpioides.

802 3180 886 3239 Laura
909 3180 958 3254 Sp.
981 3179 1080 3238 Plant.

393 3311 551 3397 Caespites
573 3311 734 3396 profundi,
757 3312 887 3390 molles,
911 3309 1107 3377 atro-virides
1131 3310 1180 3376 vel
1202 3309 1364 3389 atro-mli,
1394 3311 1490 3376 hum
1510 3309 1570 3374 deu·

307 3417 407 3484 siusvc
430 3417 568 3486 conferti.
613 3416 744 3484 Plantae
767 3416 907 3501 singulae
929 3433 1089 3497 procerae,
1112 3414 1177 3481 alte
1198 3413 1465 3495 dornoso-elatae,
1487 3413 1569 3478 rarius

306 3523 489 3603 prostratae,
511 3521 684 3587 dichotome
706 3519 823 3585 divisae
845 3517 1040 3603 fastigiatae,
1063 3519 1178 3584 remote
1200 3519 1233 3583 et
1255 3517 1462 3601 inaequaliter
1482 3535 1569 3583 mmo·

305 3627 400 3704 losae,
423 3623 560 3706 apicibus
582 3625 614 3690 et
637 3622 766 3689 ramulis
790 3621 1082 3700 arcuato-ineurvis,
1106 3620 1228 3706 turgide
1250 3621 1378 3689 foliosae
1402 3621 1479 3688 unde
1498 3637 1568 3686 crae

305 3728 466 3806 siusculae,
489 3729 574 3794 totae
596 3746 691 3810 nsque
715 3727 754 3793 ad
776 3725 986 3794 innovationes
1002 3725 1140 3792 novellas
1155 3725 1238 3792 laete
1253 3723 1367 3792 virides
1383 3727 1507 3793 obscure
1520 3721 1567 3789 oli·

305 3851 412 3899 vaceae
428 3832 477 3898 vel
491 3833 747 3916 rulo-purpureae
761 3834 792 3897 et
808 3830 1005 3915 nigricantos.
1034 3829 1122 3895 Folia
1138 3829 1284 3908 conferta,
1300 3829 1424 3916 turgida
1437 3827 1566 3895 eecmdo·

305 3937 477 4017 imbricata,
500 3937 532 4003 iu
547 3937 675 4004 ramulis
697 3937 747 4003 bic
769 3935 834 4001 illic
857 3936 980 4014 falcata,
1003 3953 1038 4000 en
1060 3933 1229 4000 insertione
1250 3935 1385 4018 angusta
1406 3935 1469 4003 lata
1489 3935 1565 4000 orata

305 4044 336 4108 et
357 4042 609 4128 ovato-oblonga,
631 4041 766 4107 breviter
788 4041 896 4108 obtuse
918 4039 969 4105 vel
991 4039 1079 4104 acute
1102 4036 1286 4117 acuminata,
1309 4051 1442 4104 concava
1462 4037 1498 4104 ad
1512 4033 1564 4118 api

303 4166 370 4213 cem
393 4147 451 4213 alis
473 4146 618 4226 incurvis,
642 4147 766 4224 mollia,
789 4147 892 4213 costae
916 4142 1065 4226 simplicis
1088 4143 1137 4208 val
1159 4141 1309 4229 gemellae
1331 4142 1463 4228 vestigio
1484 4139 1563 4216 breti,

305 4251 363 4317 reti
385 4252 572 4336 perangusto
605 4251 644 4318 ad
666 4250 755 4318 basin
777 4250 932 4335 paulisper
961 4248 1112 4327 dilatato,
1145 4247 1286 4332 angulari
1318 4247 1464 4314 distincto
1483 4243 1562 4311 nullo.

304 4357 530 4422 Perichactium
553 4355 585 4420 in
606 4356 727 4421 ramulo
750 4355 836 4422 brevi
858 4353 1046 4422 eradicnloso
1068 4353 1261 4437 elongatum,
1283 4354 1351 4419 lare
1373 4351 1561 4424 imbricatunt
1639 4393 1640 4416 r

302 4461 385 4527 foliis
408 4463 495 4528 acute
518 4458 723 4539 acuminatis,
752 4459 865 4544 plruies
888 4458 1035 4542 profunde
1062 4457 1208 4539 sulcans,
1240 4457 1418 4524 tenuisdme
1439 4451 1559 4526 seembs

303 4565 435 4650 pallidis.
483 4563 637 4649 Vaginula
659 4563 773 4650 longa,
796 4563 960 4647 subpilosa.
1006 4561 1138 4646 Capsula
1158 4561 1424 4640 incurvo-cernua,
1445 4557 1557 4640 otlmgr

303 4672 336 4736 et
358 4667 705 4754 oblongo-cylindracea,
728 4668 920 4749 subducente,
947 4665 1028 4736 noca
1049 4665 1138 4734 valde
1159 4667 1287 4736 nemu
1308 4665 1424 4735 sulcata
1444 4661 1496 4730 mb
1514 4675 1555 4728 orc
1639 4667 1640 4672 ’
