<?xml version="1.0" encoding="UTF-8"?>
<!DOCTYPE html PUBLIC "-//W3C//DTD XHTML 1.0 Transitional//EN"
    "http://www.w3.org/TR/xhtml1/DTD/xhtml1-transitional.dtd">
<html xmlns="http://www.w3.org/1999/xhtml" xml:lang="en" lang="en">
 <head>
  <title>
</title>
<meta http-equiv="Content-Type" content="text/html;charset=utf-8" />
  <meta name='ocr-system' content='tesseract 3.04.00' />
  <meta name='ocr-capabilities' content='ocr_page ocr_carea ocr_par ocr_line ocrx_word'/>
</head>
<body>
  <div class='ocr_page' id='page_1' title='image "./synopsismuscoru00schigoog_0634.png"; bbox 0 0 3388 5242; ppageno 0'>
   <div class='ocr_carea' id='block_1_1' title="bbox 264 267 970 344">
    <p class='ocr_par' dir='ltr' id='par_1_1' title="bbox 264 267 970 344">
     <span class='ocr_line' id='line_1_1' title="bbox 264 267 970 344; baseline -0.003 0"><span class='ocrx_word' id='word_1_1' title='bbox 264 275 330 344; x_wconf 77' lang='grc'><strong>472</strong></span> <span class='ocrx_word' id='word_1_2' title='bbox 826 267 970 342; x_wconf 61' lang='lat' dir='ltr'><strong>num</strong></span> 
     </span>
    </p>
   </div>
   <div class='ocr_carea' id='block_1_2' title="bbox 264 421 1642 1479">
    <p class='ocr_par' dir='ltr' id='par_1_2' title="bbox 264 421 1642 1153">
     <span class='ocr_line' id='line_1_2' title="bbox 264 421 1642 531; baseline -0.003 -15"><span class='ocrx_word' id='word_1_3' title='bbox 264 447 447 530; x_wconf 85' lang='lat' dir='ltr'><strong>submutica,</strong></span> <span class='ocrx_word' id='word_1_4' title='bbox 470 446 558 513; x_wconf 85' lang='lat' dir='ltr'><strong>costa</strong></span> <span class='ocrx_word' id='word_1_5' title='bbox 579 445 666 513; x_wconf 77' lang='lat' dir='ltr'><strong>tcum</strong></span> <span class='ocrx_word' id='word_1_6' title='bbox 689 444 745 512; x_wconf 90' lang='lat' dir='ltr'><strong>sub</strong></span> <span class='ocrx_word' id='word_1_7' title='bbox 766 443 853 527; x_wconf 87' lang='lat' dir='ltr'><strong>apice</strong></span> <span class='ocrx_word' id='word_1_8' title='bbox 875 443 1014 523; x_wconf 84' lang='lat' dir='ltr'><strong>evanida,</strong></span> <span class='ocrx_word' id='word_1_9' title='bbox 1037 443 1139 510; x_wconf 83' lang='lat' dir='ltr'><strong>media</strong></span> <span class='ocrx_word' id='word_1_10' title='bbox 1154 444 1187 510; x_wconf 91' lang='lat' dir='ltr'><strong>in</strong></span> <span class='ocrx_word' id='word_1_11' title='bbox 1202 443 1355 526; x_wconf 85' lang='lat' dir='ltr'><strong>apiculum</strong></span> <span class='ocrx_word' id='word_1_12' title='bbox 1371 447 1544 531; x_wconf 82' lang='lat' dir='ltr'><strong>angustata</strong></span> <span class='ocrx_word' id='word_1_13' title='bbox 1641 421 1642 438; x_wconf 42' lang='lat'>¹</span> 
     </span>
     <span class='ocr_line' id='line_1_3' title="bbox 264 547 1544 635; baseline -0.003 -15"><span class='ocrx_word' id='word_1_14' title='bbox 264 553 409 635; x_wconf 88' lang='lat' dir='ltr'><strong>costaque</strong></span> <span class='ocrx_word' id='word_1_15' title='bbox 429 569 500 617; x_wconf 90' lang='lat' dir='ltr'><strong>cum</strong></span> <span class='ocrx_word' id='word_1_16' title='bbox 521 548 643 633; x_wconf 88' lang='lat' dir='ltr'><strong>apiculo</strong></span> <span class='ocrx_word' id='word_1_17' title='bbox 665 549 810 629; x_wconf 83' lang='lat' dir='ltr'><strong>finiente,</strong></span> <span class='ocrx_word' id='word_1_18' title='bbox 838 547 1001 632; x_wconf 73' lang='lat' dir='ltr'>superiora</span> <span class='ocrx_word' id='word_1_19' title='bbox 1022 547 1144 634; x_wconf 79' lang='lat' dir='ltr'><strong>longius</strong></span> <span class='ocrx_word' id='word_1_20' title='bbox 1165 550 1198 616; x_wconf 90' lang='lat' dir='ltr'><strong>et</strong></span> <span class='ocrx_word' id='word_1_21' title='bbox 1219 549 1335 616; x_wconf 88' lang='lat' dir='ltr'><strong>sensim</strong></span> <span class='ocrx_word' id='word_1_22' title='bbox 1356 551 1544 632; x_wconf 67' lang='lat' dir='ltr'><strong>mnae,</strong></span> 
     </span>
     <span class='ocr_line' id='line_1_4' title="bbox 265 651 1543 739; baseline -0.005 -15"><span class='ocrx_word' id='word_1_23' title='bbox 265 674 387 724; x_wconf 86' lang='lat' dir='ltr'><strong>summe</strong></span> <span class='ocrx_word' id='word_1_24' title='bbox 414 652 447 720; x_wconf 90' lang='lat' dir='ltr'><strong>in</strong></span> <span class='ocrx_word' id='word_1_25' title='bbox 474 653 662 739; x_wconf 81' lang='lat' dir='ltr'><strong>gemmulam</strong></span> <span class='ocrx_word' id='word_1_26' title='bbox 683 653 823 720; x_wconf 79' lang='lat' dir='ltr'><strong>conferta</strong></span> <span class='ocrx_word' id='word_1_27' title='bbox 844 671 881 718; x_wconf 87' lang='lat' dir='ltr'><strong>er</strong></span> <span class='ocrx_word' id='word_1_28' title='bbox 904 653 996 720; x_wconf 83' lang='lat' dir='ltr'><strong>ovato</strong></span> <span class='ocrx_word' id='word_1_29' title='bbox 1018 651 1140 738; x_wconf 79' lang='lat' dir='ltr'><strong>longius</strong></span> <span class='ocrx_word' id='word_1_30' title='bbox 1163 652 1340 720; x_wconf 86' lang='lat' dir='ltr'><strong>acuminata</strong></span> <span class='ocrx_word' id='word_1_31' title='bbox 1361 653 1412 720; x_wconf 81' lang='lat' dir='ltr'><strong>vel</strong></span> <span class='ocrx_word' id='word_1_32' title='bbox 1435 655 1543 721; x_wconf 78' lang='lat' dir='ltr'><strong>ovato</strong></span> 
     </span>
     <span class='ocr_line' id='line_1_5' title="bbox 265 755 1544 843; baseline -0.003 -16"><span class='ocrx_word' id='word_1_33' title='bbox 265 757 447 837; x_wconf 72' lang='lat' dir='ltr'><strong>nomene,</strong></span> <span class='ocrx_word' id='word_1_34' title='bbox 466 755 589 841; x_wconf 78' lang='lat' dir='ltr'><strong>iuniore</strong></span> <span class='ocrx_word' id='word_1_35' title='bbox 610 775 743 824; x_wconf 84' lang='lat' dir='ltr'><strong>concava</strong></span> <span class='ocrx_word' id='word_1_36' title='bbox 764 758 905 843; x_wconf 75' lang='lat' dir='ltr'><strong>margine</strong></span> <span class='ocrx_word' id='word_1_37' title='bbox 925 757 1018 841; x_wconf 91' lang='lat' dir='ltr'><strong>plene</strong></span> <span class='ocrx_word' id='word_1_38' title='bbox 1041 755 1091 823; x_wconf 83' lang='lat' dir='ltr'><strong>vel</strong></span> <span class='ocrx_word' id='word_1_39' title='bbox 1112 756 1226 824; x_wconf 83' lang='lat' dir='ltr'><strong>leniter</strong></span> <span class='ocrx_word' id='word_1_40' title='bbox 1246 775 1383 836; x_wconf 83' lang='lat' dir='ltr'><strong>recurso,</strong></span> <span class='ocrx_word' id='word_1_41' title='bbox 1405 758 1544 842; x_wconf 66' lang='lat' dir='ltr'><strong>integrm</strong></span> 
     </span>
     <span class='ocr_line' id='line_1_6' title="bbox 265 859 1544 946; baseline -0.002 -17"><span class='ocrx_word' id='word_1_42' title='bbox 265 862 333 929; x_wconf 87' lang='lat' dir='ltr'><strong>reto</strong></span> <span class='ocrx_word' id='word_1_43' title='bbox 347 859 561 940; x_wconf 80' lang='lat' dir='ltr'><strong>lenimentum,</strong></span> <span class='ocrx_word' id='word_1_44' title='bbox 576 859 939 946; x_wconf 81' lang='lat' dir='ltr'><strong>rhombos-hexagonum,</strong></span> <span class='ocrx_word' id='word_1_45' title='bbox 963 877 1052 943; x_wconf 85' lang='lat' dir='ltr'><strong>parce</strong></span> <span class='ocrx_word' id='word_1_46' title='bbox 1068 859 1364 943; x_wconf 77' lang='lat' dir='ltr'><strong>chlorephyllosum3</strong></span> <span class='ocrx_word' id='word_1_47' title='bbox 1387 861 1544 944; x_wconf 79' lang='lat' dir='ltr'><strong>superiora</strong></span> 
     </span>
     <span class='ocr_line' id='line_1_7' title="bbox 266 961 1545 1048; baseline -0.002 -15"><span class='ocrx_word' id='word_1_48' title='bbox 266 967 299 1034; x_wconf 89' lang='lat' dir='ltr'><strong>et</strong></span> <span class='ocrx_word' id='word_1_49' title='bbox 320 982 441 1032; x_wconf 88' lang='lat' dir='ltr'><strong>summe</strong></span> <span class='ocrx_word' id='word_1_50' title='bbox 462 963 633 1048; x_wconf 76' lang='lat' dir='ltr'><strong>propagulo</strong></span> <span class='ocrx_word' id='word_1_51' title='bbox 653 962 881 1048; x_wconf 78' lang='lat' dir='ltr'><strong>gemmifermia</strong></span> <span class='ocrx_word' id='word_1_52' title='bbox 903 961 1013 1036; x_wconf 72' lang='lat' dir='ltr'><strong>urina</strong></span> <span class='ocrx_word' id='word_1_53' title='bbox 1035 961 1179 1028; x_wconf 83' lang='lat' dir='ltr'><strong>foliorum</strong></span> <span class='ocrx_word' id='word_1_54' title='bbox 1200 962 1375 1030; x_wconf 84' lang='lat' dir='ltr'><strong>rudimenta</strong></span> <span class='ocrx_word' id='word_1_55' title='bbox 1396 963 1545 1030; x_wconf 85' lang='lat' dir='ltr'><strong>exhiben-</strong></span> 
     </span>
     <span class='ocr_line' id='line_1_8' title="bbox 265 1064 757 1153; baseline -0.002 -19"><span class='ocrx_word' id='word_1_56' title='bbox 265 1067 313 1135; x_wconf 85' lang='lat' dir='ltr'><strong>tia</strong></span> <span class='ocrx_word' id='word_1_57' title='bbox 334 1066 366 1132; x_wconf 90' lang='lat' dir='ltr'><strong>iu</strong></span> <span class='ocrx_word' id='word_1_58' title='bbox 388 1064 491 1134; x_wconf 78' lang='lat' dir='ltr'>axillis</span> <span class='ocrx_word' id='word_1_59' title='bbox 512 1065 660 1153; x_wconf 85' lang='lat' dir='ltr'><strong>gerentia.</strong></span> <span class='ocrx_word' id='word_1_60' title='bbox 754 1097 757 1104; x_wconf 53' lang='lat'><em>2</em></span> 
     </span>
    </p>

    <p class='ocr_par' dir='ltr' id='par_1_3' title="bbox 266 1185 1545 1376">
     <span class='ocr_line' id='line_1_9' title="bbox 354 1185 1545 1270; baseline 0.001 -17"><span class='ocrx_word' id='word_1_61' title='bbox 354 1186 463 1253; x_wconf 80' lang='lat' dir='ltr'><strong>Hetit.</strong></span> <span class='ocrx_word' id='word_1_62' title='bbox 485 1187 518 1254; x_wconf 91' lang='lat' dir='ltr'><strong>in</strong></span> <span class='ocrx_word' id='word_1_63' title='bbox 540 1187 670 1254; x_wconf 90' lang='lat' dir='ltr'><strong>collibus</strong></span> <span class='ocrx_word' id='word_1_64' title='bbox 691 1185 844 1254; x_wconf 87' lang='lat' dir='ltr'><strong>arenooeie</strong></span> <span class='ocrx_word' id='word_1_65' title='bbox 867 1185 956 1252; x_wconf 87' lang='lat' dir='ltr'><strong>siccis</strong></span> <span class='ocrx_word' id='word_1_66' title='bbox 979 1204 1072 1270; x_wconf 90' lang='lat' dir='ltr'><strong>propo</strong></span> <span class='ocrx_word' id='word_1_67' title='bbox 1093 1187 1211 1254; x_wconf 74' lang='lat' dir='ltr'><strong>eecce</strong></span> <span class='ocrx_word' id='word_1_68' title='bbox 1234 1185 1545 1266; x_wconf 63' lang='lat' dir='ltr'><strong>marmorearum,</strong></span> 
     </span>
     <span class='ocr_line' id='line_1_10' title="bbox 266 1289 852 1376; baseline -0.005 -16"><span class='ocrx_word' id='word_1_69' title='bbox 266 1290 320 1360; x_wconf 88' lang='lat' dir='ltr'><strong>ubi</strong></span> <span class='ocrx_word' id='word_1_70' title='bbox 341 1291 415 1359; x_wconf 86' lang='lat' dir='ltr'><strong>cler.</strong></span> <span class='ocrx_word' id='word_1_71' title='bbox 437 1291 565 1358; x_wconf 72' lang='lat' dir='ltr'><strong>Binum</strong></span> <span class='ocrx_word' id='word_1_72' title='bbox 586 1291 703 1376; x_wconf 85' lang='lat' dir='ltr'><strong>primus</strong></span> <span class='ocrx_word' id='word_1_73' title='bbox 725 1289 852 1357; x_wconf 85' lang='lat' dir='ltr'><strong>invenit.</strong></span> 
     </span>
    </p>

    <p class='ocr_par' dir='ltr' id='par_1_4' title="bbox 354 1400 1545 1479">
     <span class='ocr_line' id='line_1_11' title="bbox 354 1400 1545 1479; baseline 0 -17"><span class='ocrx_word' id='word_1_74' title='bbox 354 1403 401 1462; x_wconf 84' lang='lat' dir='ltr'><strong>lie</strong></span> <span class='ocrx_word' id='word_1_75' title='bbox 423 1400 503 1479; x_wconf 77' lang='lat' dir='ltr'><strong>legit</strong></span> <span class='ocrx_word' id='word_1_76' title='bbox 524 1419 563 1462; x_wconf 88' lang='lat' dir='ltr'><strong>an</strong></span> <span class='ocrx_word' id='word_1_77' title='bbox 585 1402 757 1464; x_wconf 72' lang='lat' dir='ltr'><strong>deformatio</strong></span> <span class='ocrx_word' id='word_1_78' title='bbox 778 1419 924 1478; x_wconf 79' lang='lat' dir='ltr'><strong>pygmaea</strong></span> <span class='ocrx_word' id='word_1_79' title='bbox 940 1401 992 1462; x_wconf 86' lang='lat' dir='ltr'><strong>Br.</strong></span> <span class='ocrx_word' id='word_1_80' title='bbox 1016 1403 1153 1462; x_wconf 66' lang='lat' dir='ltr'><strong>wcuetrio</strong></span> <span class='ocrx_word' id='word_1_81' title='bbox 1174 1402 1214 1462; x_wconf 90' lang='lat' dir='ltr'><strong>sit</strong></span> <span class='ocrx_word' id='word_1_82' title='bbox 1235 1419 1273 1461; x_wconf 84' lang='lat' dir='ltr'><strong>au</strong></span> <span class='ocrx_word' id='word_1_83' title='bbox 1289 1402 1401 1479; x_wconf 89' lang='lat' dir='ltr'><strong>species</strong></span> <span class='ocrx_word' id='word_1_84' title='bbox 1415 1403 1545 1478; x_wconf 79' lang='lat' dir='ltr'><strong>propria</strong></span> 
     </span>
    </p>
   </div>
   <div class='ocr_carea' id='block_1_3' title="bbox 699 1628 1105 1697">
    <p class='ocr_par' dir='ltr' id='par_1_5' title="bbox 699 1628 1105 1697">
     <span class='ocr_line' id='line_1_12' title="bbox 699 1628 1105 1697; baseline 0.002 -13"><span class='ocrx_word' id='word_1_85' title='bbox 699 1628 750 1685; x_wconf 77' lang='lat'><strong>¹18.</strong></span> <span class='ocrx_word' id='word_1_86' title='bbox 779 1628 912 1697; x_wconf 68' lang='lat' dir='ltr'><strong>myum</strong></span> <span class='ocrx_word' id='word_1_87' title='bbox 933 1631 1105 1686; x_wconf 75' lang='lat' dir='ltr'><strong>nonatum.</strong></span> 
     </span>
    </p>
   </div>
   <div class='ocr_carea' id='block_1_4' title="bbox 267 1757 1659 2152">
    <p class='ocr_par' dir='ltr' id='par_1_6' title="bbox 267 1757 1659 2152">
     <span class='ocr_line' id='line_1_13' title="bbox 354 1757 1546 1844; baseline -0.003 -18"><span class='ocrx_word' id='word_1_88' title='bbox 354 1759 456 1827; x_wconf 77' lang='lat' dir='ltr'><strong>nonu</strong></span> <span class='ocrx_word' id='word_1_89' title='bbox 478 1758 693 1841; x_wconf 70' lang='lat' dir='ltr'><strong>capuceum,</strong></span> <span class='ocrx_word' id='word_1_90' title='bbox 715 1761 866 1842; x_wconf 76' lang='lat' dir='ltr'><strong>caespites</strong></span> <span class='ocrx_word' id='word_1_91' title='bbox 889 1779 1018 1844; x_wconf 77' lang='lat' dir='ltr'><strong>superne</strong></span> <span class='ocrx_word' id='word_1_92' title='bbox 1039 1759 1138 1826; x_wconf 89' lang='lat' dir='ltr'><strong>diluto</strong></span> <span class='ocrx_word' id='word_1_93' title='bbox 1160 1757 1284 1836; x_wconf 71' lang='lat' dir='ltr'><strong>unum,</strong></span> <span class='ocrx_word' id='word_1_94' title='bbox 1306 1758 1392 1824; x_wconf 89' lang='lat' dir='ltr'><strong>intua</strong></span> <span class='ocrx_word' id='word_1_95' title='bbox 1411 1757 1498 1824; x_wconf 84' lang='lat' dir='ltr'><strong>reio-</strong></span> <span class='ocrx_word' id='word_1_96' title='bbox 1513 1759 1546 1824; x_wconf 89' lang='lat' dir='ltr'><strong>et</strong></span> 
     </span>
     <span class='ocr_line' id='line_1_14' title="bbox 269 1859 1658 1958; baseline -0.001 -31"><span class='ocrx_word' id='word_1_97' title='bbox 269 1860 383 1946; x_wconf 87' lang='lat' dir='ltr'><strong>pallide</strong></span> <span class='ocrx_word' id='word_1_98' title='bbox 405 1861 630 1939; x_wconf 79' lang='lat' dir='ltr'><strong>fauce-nenati,</strong></span> <span class='ocrx_word' id='word_1_99' title='bbox 660 1860 776 1929; x_wconf 74' lang='lat' dir='ltr'><strong>inierim</strong></span> <span class='ocrx_word' id='word_1_100' title='bbox 807 1862 951 1930; x_wconf 83' lang='lat' dir='ltr'><strong>radiculis</strong></span> <span class='ocrx_word' id='word_1_101' title='bbox 981 1861 1056 1928; x_wconf 86' lang='lat' dir='ltr'><strong>rufis</strong></span> <span class='ocrx_word' id='word_1_102' title='bbox 1087 1879 1177 1946; x_wconf 87' lang='lat' dir='ltr'><strong>parce</strong></span> <span class='ocrx_word' id='word_1_103' title='bbox 1199 1860 1368 1926; x_wconf 81' lang='lat' dir='ltr'><strong>intentanti.</strong></span> <span class='ocrx_word' id='word_1_104' title='bbox 1413 1859 1546 1928; x_wconf 76' lang='lat' dir='ltr'><strong>Plantae</strong></span> <span class='ocrx_word' id='word_1_105' title='bbox 1657 1926 1658 1958; x_wconf 25' lang='lat'>¹</span> 
     </span>
     <span class='ocr_line' id='line_1_15' title="bbox 267 1963 1659 2050; baseline -0.003 -20"><span class='ocrx_word' id='word_1_106' title='bbox 267 1963 512 2050; x_wconf 73' lang='lat' dir='ltr'><strong>gracilesccntca</strong></span> <span class='ocrx_word' id='word_1_107' title='bbox 535 1965 659 2030; x_wconf 88' lang='lat' dir='ltr'><strong>contim.</strong></span> <span class='ocrx_word' id='word_1_108' title='bbox 675 1963 761 2030; x_wconf 78' lang='lat' dir='ltr'><strong>3-t</strong></span> <span class='ocrx_word' id='word_1_109' title='bbox 781 1965 947 2032; x_wconf 87' lang='lat' dir='ltr'><strong>altitudine</strong></span> <span class='ocrx_word' id='word_1_110' title='bbox 961 1965 1137 2044; x_wconf 82' lang='lat' dir='ltr'><strong>metientes,</strong></span> <span class='ocrx_word' id='word_1_111' title='bbox 1159 1982 1300 2030; x_wconf 81' lang='lat' dir='ltr'><strong>remeses</strong></span> <span class='ocrx_word' id='word_1_112' title='bbox 1314 1963 1348 2031; x_wconf 90' lang='lat' dir='ltr'><strong>et</strong></span> <span class='ocrx_word' id='word_1_113' title='bbox 1362 1963 1546 2044; x_wconf 87' lang='lat' dir='ltr'><strong>ramulosae,</strong></span> <span class='ocrx_word' id='word_1_114' title='bbox 1658 2020 1659 2026; x_wconf 73' lang='grc'>,</span> 
     </span>
     <span class='ocr_line' id='line_1_16' title="bbox 267 2067 1546 2152; baseline -0.002 -16"><span class='ocrx_word' id='word_1_115' title='bbox 267 2067 495 2152; x_wconf 85' lang='lat' dir='ltr'><strong>subaequaliter</strong></span> <span class='ocrx_word' id='word_1_116' title='bbox 517 2067 550 2134; x_wconf 92' lang='lat' dir='ltr'><strong>et</strong></span> <span class='ocrx_word' id='word_1_117' title='bbox 572 2071 621 2135; x_wconf 87' lang='lat' dir='ltr'><strong>sat</strong></span> <span class='ocrx_word' id='word_1_118' title='bbox 644 2068 736 2136; x_wconf 86' lang='lat' dir='ltr'><strong>denae</strong></span> <span class='ocrx_word' id='word_1_119' title='bbox 758 2069 894 2136; x_wconf 78' lang='lat' dir='ltr'><strong>foliosae.</strong></span> <span class='ocrx_word' id='word_1_120' title='bbox 937 2067 1025 2136; x_wconf 72' lang='lat' dir='ltr'><strong>Ileliu</strong></span> <span class='ocrx_word' id='word_1_121' title='bbox 1049 2068 1187 2152; x_wconf 81' lang='lat' dir='ltr'><strong>paruula.</strong></span> <span class='ocrx_word' id='word_1_122' title='bbox 1209 2067 1311 2146; x_wconf 82' lang='lat' dir='ltr'><strong>ovata,</strong></span> <span class='ocrx_word' id='word_1_123' title='bbox 1334 2067 1546 2134; x_wconf 74' lang='lat' dir='ltr'><strong>ovato-oralia</strong></span> 
     </span>
    </p>
   </div>
   <div class='ocr_carea' id='block_1_5' title="bbox 267 2168 1660 2252">
    <p class='ocr_par' dir='ltr' id='par_1_7' title="bbox 267 2168 1660 2252">
     <span class='ocr_line' id='line_1_17' title="bbox 267 2168 1660 2252; baseline -0.001 -13"><span class='ocrx_word' id='word_1_124' title='bbox 267 2171 463 2251; x_wconf 75' lang='lat' dir='ltr'><strong>eleborata,</strong></span> <span class='ocrx_word' id='word_1_125' title='bbox 485 2170 573 2236; x_wconf 85' lang='lat' dir='ltr'><strong>valde</strong></span> <span class='ocrx_word' id='word_1_126' title='bbox 595 2189 738 2252; x_wconf 76' lang='lat' dir='ltr'><strong>macana,</strong></span> <span class='ocrx_word' id='word_1_127' title='bbox 762 2171 1019 2251; x_wconf 82' lang='lat' dir='ltr'><strong>sublecurrcntia,</strong></span> <span class='ocrx_word' id='word_1_128' title='bbox 1042 2171 1144 2238; x_wconf 88' lang='lat' dir='ltr'><strong>subite</strong></span> <span class='ocrx_word' id='word_1_129' title='bbox 1164 2171 1197 2238; x_wconf 85' lang='lat' dir='ltr'><strong>et</strong></span> <span class='ocrx_word' id='word_1_130' title='bbox 1212 2170 1346 2236; x_wconf 82' lang='lat' dir='ltr'><strong>breuiter</strong></span> <span class='ocrx_word' id='word_1_131' title='bbox 1360 2168 1546 2247; x_wconf 78' lang='lat' dir='ltr'><strong>acuminata,</strong></span> <span class='ocrx_word' id='word_1_132' title='bbox 1659 2191 1660 2196; x_wconf 46' lang='lat'>¹</span> 
     </span>
    </p>
   </div>
   <div class='ocr_carea' id='block_1_6' title="bbox 267 2273 1547 2893">
    <p class='ocr_par' dir='ltr' id='par_1_8' title="bbox 267 2273 1547 2669">
     <span class='ocr_line' id='line_1_18' title="bbox 268 2273 1547 2358; baseline -0.002 -16"><span class='ocrx_word' id='word_1_133' title='bbox 268 2275 356 2342; x_wconf 92' lang='lat' dir='ltr'><strong>costa</strong></span> <span class='ocrx_word' id='word_1_134' title='bbox 371 2274 539 2341; x_wconf 64' lang='lat' dir='ltr'><strong>masconta</strong></span> <span class='ocrx_word' id='word_1_135' title='bbox 562 2273 595 2340; x_wconf 95' lang='lat' dir='ltr'><strong>in</strong></span> <span class='ocrx_word' id='word_1_136' title='bbox 616 2274 771 2358; x_wconf 91' lang='lat' dir='ltr'><strong>apiculum</strong></span> <span class='ocrx_word' id='word_1_137' title='bbox 793 2276 1011 2342; x_wconf 86' lang='lat' dir='ltr'><strong>subreeurvum</strong></span> <span class='ocrx_word' id='word_1_138' title='bbox 1032 2274 1203 2354; x_wconf 65' lang='lat' dir='ltr'><strong>memorem,</strong></span> <span class='ocrx_word' id='word_1_139' title='bbox 1224 2273 1364 2358; x_wconf 82' lang='lat' dir='ltr'><strong>margins</strong></span> <span class='ocrx_word' id='word_1_140' title='bbox 1385 2273 1470 2339; x_wconf 87' lang='lat' dir='ltr'><strong>recto</strong></span> <span class='ocrx_word' id='word_1_141' title='bbox 1491 2291 1547 2340; x_wconf 86' lang='lat' dir='ltr'><strong>nec</strong></span> 
     </span>
     <span class='ocr_line' id='line_1_19' title="bbox 267 2375 1546 2460; baseline -0.002 -16"><span class='ocrx_word' id='word_1_142' title='bbox 267 2375 400 2444; x_wconf 83' lang='lat' dir='ltr'><strong>limbato</strong></span> <span class='ocrx_word' id='word_1_143' title='bbox 414 2393 469 2444; x_wconf 87' lang='lat' dir='ltr'><strong>nec</strong></span> <span class='ocrx_word' id='word_1_144' title='bbox 483 2376 680 2459; x_wconf 79' lang='lat' dir='ltr'><strong>denticulato,</strong></span> <span class='ocrx_word' id='word_1_145' title='bbox 703 2378 785 2446; x_wconf 86' lang='lat' dir='ltr'><strong>sicea</strong></span> <span class='ocrx_word' id='word_1_146' title='bbox 805 2376 1027 2455; x_wconf 86' lang='lat' dir='ltr'><strong>incumbentia;</strong></span> <span class='ocrx_word' id='word_1_147' title='bbox 1050 2375 1179 2444; x_wconf 82' lang='lat' dir='ltr'><strong>sellulas</strong></span> <span class='ocrx_word' id='word_1_148' title='bbox 1201 2375 1447 2460; x_wconf 83' lang='lat' dir='ltr'><strong>leptedermicao,</strong></span> <span class='ocrx_word' id='word_1_149' title='bbox 1468 2376 1546 2459; x_wconf 80' lang='lat' dir='ltr'><strong>hya-</strong></span> 
     </span>
     <span class='ocr_line' id='line_1_20' title="bbox 268 2479 1545 2567; baseline -0.001 -20"><span class='ocrx_word' id='word_1_150' title='bbox 268 2479 361 2561; x_wconf 77' lang='lat' dir='ltr'><strong>linot,</strong></span> <span class='ocrx_word' id='word_1_151' title='bbox 382 2479 422 2546; x_wconf 85' lang='lat' dir='ltr'><strong>ad</strong></span> <span class='ocrx_word' id='word_1_152' title='bbox 443 2481 576 2564; x_wconf 85' lang='lat' dir='ltr'><strong>parietes</strong></span> <span class='ocrx_word' id='word_1_153' title='bbox 597 2481 727 2566; x_wconf 78' lang='lat' dir='ltr'><strong>granula</strong></span> <span class='ocrx_word' id='word_1_154' title='bbox 749 2480 990 2567; x_wconf 80' lang='lat' dir='ltr'><strong>chlorophpllica</strong></span> <span class='ocrx_word' id='word_1_155' title='bbox 1012 2481 1172 2565; x_wconf 83' lang='lat' dir='ltr'><strong>gerentes,</strong></span> <span class='ocrx_word' id='word_1_156' title='bbox 1195 2479 1545 2565; x_wconf 64' lang='lat' dir='ltr'><strong>rhomMo-hexagonam</strong></span> 
     </span>
     <span class='ocr_line' id='line_1_21' title="bbox 270 2581 1508 2669; baseline 0.002 -21"><span class='ocrx_word' id='word_1_157' title='bbox 270 2581 382 2650; x_wconf 90' lang='lat' dir='ltr'><strong>ramuli</strong></span> <span class='ocrx_word' id='word_1_158' title='bbox 402 2581 537 2650; x_wconf 85' lang='lat' dir='ltr'><strong>maxime</strong></span> <span class='ocrx_word' id='word_1_159' title='bbox 557 2581 701 2668; x_wconf 72' lang='lat' dir='ltr'><strong>graciles,</strong></span> <span class='ocrx_word' id='word_1_160' title='bbox 724 2582 931 2669; x_wconf 82' lang='lat' dir='ltr'><strong>microphplli.</strong></span> <span class='ocrx_word' id='word_1_161' title='bbox 976 2583 1084 2651; x_wconf 75' lang='lat' dir='ltr'><strong>Pieros</strong></span> <span class='ocrx_word' id='word_1_162' title='bbox 1106 2583 1266 2668; x_wconf 86' lang='lat' dir='ltr'><strong>utriusque</strong></span> <span class='ocrx_word' id='word_1_163' title='bbox 1288 2601 1378 2650; x_wconf 83' lang='lat' dir='ltr'><strong>senus</strong></span> <span class='ocrx_word' id='word_1_164' title='bbox 1400 2583 1508 2669; x_wconf 79' lang='lat' dir='ltr'><strong>ignoti</strong></span> 
     </span>
    </p>

    <p class='ocr_par' dir='ltr' id='par_1_9' title="bbox 271 2701 1545 2893">
     <span class='ocr_line' id='line_1_22' title="bbox 358 2701 1545 2790; baseline 0 -22"><span class='ocrx_word' id='word_1_165' title='bbox 358 2701 468 2769; x_wconf 76' lang='lat' dir='ltr'><strong>Haec.</strong></span> <span class='ocrx_word' id='word_1_166' title='bbox 491 2702 566 2770; x_wconf 84' lang='lat' dir='ltr'><strong>locis</strong></span> <span class='ocrx_word' id='word_1_167' title='bbox 587 2703 723 2771; x_wconf 81' lang='lat' dir='ltr'><strong>humidis</strong></span> <span class='ocrx_word' id='word_1_168' title='bbox 743 2705 782 2772; x_wconf 86' lang='lat' dir='ltr'><strong>ad</strong></span> <span class='ocrx_word' id='word_1_169' title='bbox 797 2705 904 2772; x_wconf 80' lang='lat' dir='ltr'><strong>Bodoc</strong></span> <span class='ocrx_word' id='word_1_170' title='bbox 917 2705 1091 2790; x_wconf 77' lang='lat' dir='ltr'><strong>Norsegiae</strong></span> <span class='ocrx_word' id='word_1_171' title='bbox 1113 2705 1373 2790; x_wconf 84' lang='lat' dir='ltr'><strong>septentrionalia,</strong></span> <span class='ocrx_word' id='word_1_172' title='bbox 1394 2703 1447 2772; x_wconf 84' lang='lat' dir='ltr'><strong>uli</strong></span> <span class='ocrx_word' id='word_1_173' title='bbox 1471 2703 1545 2770; x_wconf 75' lang='lat' dir='ltr'><strong>chr,</strong></span> 
     </span>
     <span class='ocr_line' id='line_1_23' title="bbox 271 2805 795 2893; baseline 0.002 -21"><span class='ocrx_word' id='word_1_174' title='bbox 271 2805 415 2872; x_wconf 73' lang='lat' dir='ltr'><strong>lomene</strong></span> <span class='ocrx_word' id='word_1_175' title='bbox 436 2805 578 2892; x_wconf 74' lang='lat' dir='ltr'><strong>Augusto</strong></span> <span class='ocrx_word' id='word_1_176' title='bbox 601 2806 686 2874; x_wconf 87' lang='grc'>1868</span> <span class='ocrx_word' id='word_1_177' title='bbox 707 2807 795 2893; x_wconf 77' lang='lat' dir='ltr'><strong>legit.</strong></span> 
     </span>
    </p>
   </div>
   <div class='ocr_carea' id='block_1_7' title="bbox 256 2932 1547 3094">
    <p class='ocr_par' dir='ltr' id='par_1_10' title="bbox 256 2932 1547 3094">
     <span class='ocr_line' id='line_1_24' title="bbox 358 2932 1547 3010; baseline 0.002 -18"><span class='ocrx_word' id='word_1_178' title='bbox 358 2932 470 2993; x_wconf 82' lang='lat' dir='ltr'><strong>Formis</strong></span> <span class='ocrx_word' id='word_1_179' title='bbox 498 2933 657 3010; x_wconf 80' lang='lat' dir='ltr'><strong>maJ‘oribus</strong></span> <span class='ocrx_word' id='word_1_180' title='bbox 688 2935 742 2994; x_wconf 88' lang='lat' dir='ltr'><strong>Br.</strong></span> <span class='ocrx_word' id='word_1_181' title='bbox 770 2934 915 2996; x_wconf 78' lang='lat' dir='ltr'><strong>Mcrrctli</strong></span> <span class='ocrx_word' id='word_1_182' title='bbox 941 2935 1044 2995; x_wconf 86' lang='lat' dir='ltr'><strong>habitu</strong></span> <span class='ocrx_word' id='word_1_183' title='bbox 1073 2936 1152 2996; x_wconf 87' lang='lat' dir='ltr'><strong>haud</strong></span> <span class='ocrx_word' id='word_1_184' title='bbox 1179 2935 1331 3010; x_wconf 84' lang='lat' dir='ltr'><strong>dissimile,</strong></span> <span class='ocrx_word' id='word_1_185' title='bbox 1360 2937 1412 2996; x_wconf 85' lang='lat' dir='ltr'><strong>sed</strong></span> <span class='ocrx_word' id='word_1_186' title='bbox 1441 2935 1547 2996; x_wconf 84' lang='lat' dir='ltr'><strong>elatius</strong></span> 
     </span>
     <span class='ocr_line' id='line_1_25' title="bbox 256 3011 1037 3094; baseline 0.001 -14"><span class='ocrx_word' id='word_1_187' title='bbox 256 3011 427 3094; x_wconf 74' lang='lat' dir='ltr'><strong>&#39;temque</strong></span> <span class='ocrx_word' id='word_1_188' title='bbox 450 3019 582 3081; x_wconf 81' lang='lat' dir='ltr'><strong>loliorum</strong></span> <span class='ocrx_word' id='word_1_189' title='bbox 605 3021 635 3080; x_wconf 91' lang='lat' dir='ltr'><strong>et</strong></span> <span class='ocrx_word' id='word_1_190' title='bbox 657 3021 728 3081; x_wconf 84' lang='lat' dir='ltr'><strong>retis</strong></span> <span class='ocrx_word' id='word_1_191' title='bbox 751 3023 835 3082; x_wconf 82' lang='lat' dir='ltr'><strong>ualde</strong></span> <span class='ocrx_word' id='word_1_192' title='bbox 858 3022 1037 3083; x_wconf 85' lang='lat' dir='ltr'><strong>distinctum.</strong></span> 
     </span>
    </p>
   </div>
   <div class='ocr_carea' id='block_1_8' title="bbox 762 3258 1056 3464">
    <p class='ocr_par' dir='ltr' id='par_1_11' title="bbox 762 3258 1056 3464">
     <span class='ocr_line' id='line_1_26' title="bbox 762 3258 1056 3337; baseline 0.003 -1"><span class='ocrx_word' id='word_1_193' title='bbox 762 3258 841 3336; x_wconf 78' lang='lat' dir='ltr'><strong>Gen.</strong></span> <span class='ocrx_word' id='word_1_194' title='bbox 862 3261 893 3337; x_wconf 80' lang='grc' dir='ltr'><strong>ὁ.</strong></span> <span class='ocrx_word' id='word_1_195' title='bbox 937 3259 1056 3337; x_wconf 83' lang='lat' dir='ltr'><strong>Zieria.</strong></span> 
     </span>
     <span class='ocr_line' id='line_1_27' title="bbox 792 3403 1036 3464; baseline -0.004 -1"><span class='ocrx_word' id='word_1_196' title='bbox 792 3403 911 3463; x_wconf 80' lang='lat' dir='ltr'><strong>Scaeam.</strong></span> <span class='ocrx_word' id='word_1_197' title='bbox 933 3403 1036 3464; x_wconf 78' lang='lat' dir='ltr'><strong>Geroll.</strong></span> 
     </span>
    </p>
   </div>
   <div class='ocr_carea' id='block_1_9' title="bbox 274 3548 1549 4465">
    <p class='ocr_par' dir='ltr' id='par_1_12' title="bbox 274 3548 1549 4465">
     <span class='ocr_line' id='line_1_28' title="bbox 361 3548 1549 3634; baseline 0.001 -17"><span class='ocrx_word' id='word_1_198' title='bbox 361 3549 462 3618; x_wconf 85' lang='lat' dir='ltr'><strong>Musei</strong></span> <span class='ocrx_word' id='word_1_199' title='bbox 483 3550 615 3617; x_wconf 88' lang='lat' dir='ltr'><strong>humiles</strong></span> <span class='ocrx_word' id='word_1_200' title='bbox 637 3550 836 3634; x_wconf 85' lang='lat' dir='ltr'><strong>caespitulosi</strong></span> <span class='ocrx_word' id='word_1_201' title='bbox 859 3551 916 3618; x_wconf 85' lang='lat' dir='ltr'><strong>sub</strong></span> <span class='ocrx_word' id='word_1_202' title='bbox 937 3551 1024 3634; x_wconf 85' lang='lat' dir='ltr'><strong>epioe</strong></span> <span class='ocrx_word' id='word_1_203' title='bbox 1045 3549 1179 3617; x_wconf 81' lang='lat' dir='ltr'><strong>florifero</strong></span> <span class='ocrx_word' id='word_1_204' title='bbox 1201 3548 1383 3617; x_wconf 82' lang='lat' dir='ltr'><strong>innovantes</strong></span> <span class='ocrx_word' id='word_1_205' title='bbox 1410 3549 1549 3618; x_wconf 85' lang='lat' dir='ltr'><strong>demum·</strong></span> 
     </span>
     <span class='ocr_line' id='line_1_29' title="bbox 275 3652 1547 3738; baseline -0.002 -18"><span class='ocrx_word' id='word_1_206' title='bbox 275 3672 334 3738; x_wconf 86' lang='lat' dir='ltr'><strong>que</strong></span> <span class='ocrx_word' id='word_1_207' title='bbox 369 3652 543 3720; x_wconf 83' lang='lat' dir='ltr'><strong>dichotome</strong></span> <span class='ocrx_word' id='word_1_208' title='bbox 572 3655 698 3721; x_wconf 83' lang='lat' dir='ltr'><strong>ramosi.</strong></span> <span class='ocrx_word' id='word_1_209' title='bbox 743 3653 847 3721; x_wconf 80' lang='lat' dir='ltr'><strong>caulis</strong></span> <span class='ocrx_word' id='word_1_210' title='bbox 880 3654 1025 3723; x_wconf 82' lang='lat' dir='ltr'><strong>radiculis</strong></span> <span class='ocrx_word' id='word_1_211' title='bbox 1056 3653 1095 3721; x_wconf 77' lang='lat' dir='ltr'><strong>eo</strong></span> <span class='ocrx_word' id='word_1_212' title='bbox 1125 3653 1243 3737; x_wconf 88' lang='lat' dir='ltr'><strong>apicem</strong></span> <span class='ocrx_word' id='word_1_213' title='bbox 1272 3671 1370 3736; x_wconf 87' lang='lat' dir='ltr'><strong>neque</strong></span> <span class='ocrx_word' id='word_1_214' title='bbox 1400 3653 1547 3720; x_wconf 72' lang='lat' dir='ltr'><strong>ceuceu.</strong></span> 
     </span>
     <span class='ocr_line' id='line_1_30' title="bbox 274 3755 1549 3843; baseline -0.001 -19"><span class='ocrx_word' id='word_1_215' title='bbox 274 3756 363 3824; x_wconf 74' lang='lat' dir='ltr'><strong>leun</strong></span> <span class='ocrx_word' id='word_1_216' title='bbox 377 3755 477 3822; x_wconf 87' lang='lat' dir='ltr'><strong>laxius</strong></span> <span class='ocrx_word' id='word_1_217' title='bbox 492 3755 652 3824; x_wconf 85' lang='lat' dir='ltr'><strong>densiusvs</strong></span> <span class='ocrx_word' id='word_1_218' title='bbox 667 3757 841 3838; x_wconf 85' lang='lat' dir='ltr'><strong>imbricata,</strong></span> <span class='ocrx_word' id='word_1_219' title='bbox 862 3759 971 3825; x_wconf 85' lang='lat' dir='ltr'><strong>ovate·</strong></span> <span class='ocrx_word' id='word_1_220' title='bbox 993 3759 1024 3826; x_wconf 89' lang='lat' dir='ltr'><strong>st</strong></span> <span class='ocrx_word' id='word_1_221' title='bbox 1040 3757 1374 3843; x_wconf 81' lang='lat' dir='ltr'><strong>oblongo-acuminata,</strong></span> <span class='ocrx_word' id='word_1_222' title='bbox 1397 3757 1549 3841; x_wconf 74' lang='lat' dir='ltr'><strong>apiculata</strong></span> 
     </span>
     <span class='ocr_line' id='line_1_31' title="bbox 275 3859 1549 3948; baseline -0.001 -21"><span class='ocrx_word' id='word_1_223' title='bbox 275 3859 326 3927; x_wconf 81' lang='lat' dir='ltr'><strong>uel</strong></span> <span class='ocrx_word' id='word_1_224' title='bbox 347 3861 433 3926; x_wconf 82' lang='lat' dir='ltr'><strong>costa</strong></span> <span class='ocrx_word' id='word_1_225' title='bbox 454 3859 618 3928; x_wconf 81' lang='lat' dir='ltr'><strong>excedente</strong></span> <span class='ocrx_word' id='word_1_226' title='bbox 638 3861 809 3947; x_wconf 70' lang='lat' dir='ltr'><strong>cuspidem,</strong></span> <span class='ocrx_word' id='word_1_227' title='bbox 831 3861 971 3948; x_wconf 82' lang='lat' dir='ltr'><strong>margine</strong></span> <span class='ocrx_word' id='word_1_228' title='bbox 992 3862 1124 3948; x_wconf 82' lang='lat' dir='ltr'><strong>integra,</strong></span> <span class='ocrx_word' id='word_1_229' title='bbox 1146 3861 1264 3942; x_wconf 82' lang='lat' dir='ltr'><strong>mollia,</strong></span> <span class='ocrx_word' id='word_1_230' title='bbox 1287 3860 1348 3926; x_wconf 88' lang='lat' dir='ltr'><strong>reti</strong></span> <span class='ocrx_word' id='word_1_231' title='bbox 1369 3859 1440 3928; x_wconf 86' lang='lat' dir='ltr'><strong>laxo</strong></span> <span class='ocrx_word' id='word_1_232' title='bbox 1459 3861 1549 3927; x_wconf 84' lang='lat' dir='ltr'><strong>hem·</strong></span> 
     </span>
     <span class='ocr_line' id='line_1_32' title="bbox 275 3961 1549 4052; baseline 0 -20"><span class='ocrx_word' id='word_1_233' title='bbox 275 3961 528 4050; x_wconf 82' lang='lat' dir='ltr'><strong>gono-rhomboe.</strong></span> <span class='ocrx_word' id='word_1_234' title='bbox 573 3963 680 4031; x_wconf 79' lang='lat' dir='ltr'><strong>Floras</strong></span> <span class='ocrx_word' id='word_1_235' title='bbox 703 3966 862 4050; x_wconf 75' lang='lat' dir='ltr'><strong>uiuosque</strong></span> <span class='ocrx_word' id='word_1_236' title='bbox 883 3984 973 4033; x_wconf 86' lang='lat' dir='ltr'><strong>sexus</strong></span> <span class='ocrx_word' id='word_1_237' title='bbox 993 3965 1232 4052; x_wconf 83' lang='lat' dir='ltr'><strong>gemmiiormcs.</strong></span> <span class='ocrx_word' id='word_1_238' title='bbox 1264 3964 1399 4048; x_wconf 75' lang='lat' dir='ltr'><strong>capsula</strong></span> <span class='ocrx_word' id='word_1_239' title='bbox 1419 3965 1452 4032; x_wconf 92' lang='lat' dir='ltr'><strong>in</strong></span> <span class='ocrx_word' id='word_1_240' title='bbox 1466 3965 1549 4050; x_wconf 79' lang='lat' dir='ltr'><strong>pedi·</strong></span> 
     </span>
     <span class='ocr_line' id='line_1_33' title="bbox 276 4065 1549 4154; baseline -0.002 -19"><span class='ocrx_word' id='word_1_241' title='bbox 276 4065 354 4135; x_wconf 91' lang='lat' dir='ltr'><strong>cello</strong></span> <span class='ocrx_word' id='word_1_242' title='bbox 376 4065 515 4136; x_wconf 74' lang='lat' dir='ltr'><strong>tremore</strong></span> <span class='ocrx_word' id='word_1_243' title='bbox 538 4066 740 4153; x_wconf 55' lang='lat' dir='ltr'><strong>ammanitae</strong></span> <span class='ocrx_word' id='word_1_244' title='bbox 762 4069 961 4137; x_wconf 84' lang='lat' dir='ltr'><strong>horizontalia</strong></span> <span class='ocrx_word' id='word_1_245' title='bbox 984 4069 1033 4136; x_wconf 86' lang='lat' dir='ltr'><strong>uel</strong></span> <span class='ocrx_word' id='word_1_246' title='bbox 1056 4068 1208 4148; x_wconf 67' lang='lat' dir='ltr'><strong>domasa,</strong></span> <span class='ocrx_word' id='word_1_247' title='bbox 1228 4087 1248 4136; x_wconf 86' lang='lat' dir='ltr'><strong>c</strong></span> <span class='ocrx_word' id='word_1_248' title='bbox 1268 4067 1349 4135; x_wconf 90' lang='lat' dir='ltr'><strong>collo</strong></span> <span class='ocrx_word' id='word_1_249' title='bbox 1371 4068 1549 4154; x_wconf 76' lang='lat' dir='ltr'><strong>longissime</strong></span> 
     </span>
     <span class='ocr_line' id='line_1_34' title="bbox 277 4167 1548 4256; baseline 0.003 -20"><span class='ocrx_word' id='word_1_250' title='bbox 277 4171 410 4256; x_wconf 80' lang='lat' dir='ltr'><strong>augusto</strong></span> <span class='ocrx_word' id='word_1_251' title='bbox 426 4167 571 4253; x_wconf 69' lang='lat' dir='ltr'><strong>elliptica</strong></span> <span class='ocrx_word' id='word_1_252' title='bbox 593 4171 736 4254; x_wconf 92' lang='lat' dir='ltr'><strong>operculo</strong></span> <span class='ocrx_word' id='word_1_253' title='bbox 750 4173 879 4250; x_wconf 78' lang='lat' dir='ltr'><strong>munte,</strong></span> <span class='ocrx_word' id='word_1_254' title='bbox 901 4191 1043 4250; x_wconf 82' lang='lat' dir='ltr'><strong>convexo,</strong></span> <span class='ocrx_word' id='word_1_255' title='bbox 1065 4171 1231 4256; x_wconf 68' lang='lat' dir='ltr'><strong>apiculam,</strong></span> <span class='ocrx_word' id='word_1_256' title='bbox 1245 4170 1381 4254; x_wconf 76' lang='lat' dir='ltr'><strong>othone.</strong></span> <span class='ocrx_word' id='word_1_257' title='bbox 1411 4172 1548 4240; x_wconf 81' lang='lat' dir='ltr'><strong>Annulns</strong></span> 
     </span>
     <span class='ocr_line' id='line_1_35' title="bbox 276 4273 1549 4360; baseline -0.002 -17"><span class='ocrx_word' id='word_1_258' title='bbox 276 4275 379 4354; x_wconf 81' lang='lat' dir='ltr'><strong>latus,</strong></span> <span class='ocrx_word' id='word_1_259' title='bbox 416 4275 621 4358; x_wconf 86' lang='lat' dir='ltr'><strong>compositus,</strong></span> <span class='ocrx_word' id='word_1_260' title='bbox 658 4275 815 4358; x_wconf 81' lang='lat' dir='ltr'><strong>spiraliter</strong></span> <span class='ocrx_word' id='word_1_261' title='bbox 851 4276 1038 4344; x_wconf 85' lang='lat' dir='ltr'><strong>revolubilis.</strong></span> <span class='ocrx_word' id='word_1_262' title='bbox 1083 4274 1260 4344; x_wconf 83' lang='lat' dir='ltr'><strong>Peristomii</strong></span> <span class='ocrx_word' id='word_1_263' title='bbox 1288 4273 1396 4342; x_wconf 84' lang='lat' dir='ltr'><strong>dentes</strong></span> <span class='ocrx_word' id='word_1_264' title='bbox 1422 4277 1549 4360; x_wconf 70' lang='lat' dir='ltr'><strong>anguste</strong></span> 
     </span>
     <span class='ocr_line' id='line_1_36' title="bbox 277 4376 1549 4465; baseline 0.002 -19"><span class='ocrx_word' id='word_1_265' title='bbox 277 4376 461 4458; x_wconf 84' lang='lat' dir='ltr'><strong>lanceolati,</strong></span> <span class='ocrx_word' id='word_1_266' title='bbox 493 4377 642 4446; x_wconf 79' lang='lat' dir='ltr'><strong>remelius</strong></span> <span class='ocrx_word' id='word_1_267' title='bbox 662 4378 836 4460; x_wconf 76' lang='lat' dir='ltr'><strong>articulati,</strong></span> <span class='ocrx_word' id='word_1_268' title='bbox 859 4381 943 4446; x_wconf 91' lang='lat' dir='ltr'><strong>intus</strong></span> <span class='ocrx_word' id='word_1_269' title='bbox 965 4381 1096 4465; x_wconf 77' lang='lat' dir='ltr'><strong>auguste</strong></span> <span class='ocrx_word' id='word_1_270' title='bbox 1117 4377 1290 4458; x_wconf 84' lang='lat' dir='ltr'><strong>lamellati‚</strong></span> <span class='ocrx_word' id='word_1_271' title='bbox 1319 4376 1434 4444; x_wconf 87' lang='lat' dir='ltr'><strong>interni</strong></span> <span class='ocrx_word' id='word_1_272' title='bbox 1455 4399 1549 4448; x_wconf 86' lang='lat' dir='ltr'><strong>mem·</strong></span> 
     </span>
    </p>
   </div>
   <div class='ocr_carea' id='block_1_10' title="bbox 277 4479 1549 4670">
    <p class='ocr_par' dir='ltr' id='par_1_13' title="bbox 277 4479 1549 4670">
     <span class='ocr_line' id='line_1_37' title="bbox 278 4479 1549 4570; baseline 0.002 -24"><span class='ocrx_word' id='word_1_273' title='bbox 278 4479 375 4547; x_wconf 80' lang='lat' dir='ltr'><strong>tram</strong></span> <span class='ocrx_word' id='word_1_274' title='bbox 406 4479 550 4548; x_wconf 60' lang='lat' dir='ltr'><strong>mmsis</strong></span> <span class='ocrx_word' id='word_1_275' title='bbox 580 4482 741 4567; x_wconf 83' lang='lat' dir='ltr'><strong>angustior</strong></span> <span class='ocrx_word' id='word_1_276' title='bbox 773 4483 805 4549; x_wconf 93' lang='lat' dir='ltr'><strong>in</strong></span> <span class='ocrx_word' id='word_1_277' title='bbox 827 4501 986 4567; x_wconf 87' lang='lat' dir='ltr'><strong>processus</strong></span> <span class='ocrx_word' id='word_1_278' title='bbox 1009 4483 1159 4570; x_wconf 80' lang='lat' dir='ltr'><strong>angustos</strong></span> <span class='ocrx_word' id='word_1_279' title='bbox 1181 4481 1290 4549; x_wconf 80' lang='lat' dir='ltr'><strong>dentes</strong></span> <span class='ocrx_word' id='word_1_280' title='bbox 1313 4483 1492 4564; x_wconf 76' lang='lat' dir='ltr'><strong>supmantes</strong></span> <span class='ocrx_word' id='word_1_281' title='bbox 1511 4481 1549 4548; x_wconf 79' lang='lat' dir='ltr'><strong>sol</strong></span> 
     </span>
     <span class='ocr_line' id='line_1_38' title="bbox 277 4582 1549 4670; baseline 0.002 -20"><span class='ocrx_word' id='word_1_282' title='bbox 277 4582 395 4670; x_wconf 89' lang='lat' dir='ltr'><strong>apicem</strong></span> <span class='ocrx_word' id='word_1_283' title='bbox 416 4583 570 4654; x_wconf 72' lang='lat' dir='ltr'><strong>uenum</strong></span> <span class='ocrx_word' id='word_1_284' title='bbox 592 4585 758 4656; x_wconf 85' lang='lat' dir='ltr'><strong>trabeculis</strong></span> <span class='ocrx_word' id='word_1_285' title='bbox 774 4587 968 4666; x_wconf 76' lang='lat' dir='ltr'><strong>medunatos,</strong></span> <span class='ocrx_word' id='word_1_286' title='bbox 990 4585 1058 4655; x_wconf 86' lang='lat' dir='ltr'><strong>tasi</strong></span> <span class='ocrx_word' id='word_1_287' title='bbox 1080 4585 1128 4652; x_wconf 88' lang='lat' dir='ltr'><strong>bis</strong></span> <span class='ocrx_word' id='word_1_288' title='bbox 1143 4585 1227 4654; x_wconf 78' lang='lat' dir='ltr'><strong>terve</strong></span> <span class='ocrx_word' id='word_1_289' title='bbox 1242 4585 1382 4668; x_wconf 87' lang='lat' dir='ltr'><strong>pertusos</strong></span> <span class='ocrx_word' id='word_1_290' title='bbox 1396 4583 1549 4670; x_wconf 71' lang='lat' dir='ltr'><strong>producta</strong></span> 
     </span>
    </p>
   </div>
   <div class='ocr_carea' id='block_1_11' title="bbox 0 0 1708 5242">
    <p class='ocr_par' dir='ltr' id='par_1_14' title="bbox 0 0 1708 5242">
     <span class='ocr_line' id='line_1_39' title="bbox 0 0 1708 5242; baseline 0 0"><span class='ocrx_word' id='word_1_291' title='bbox 0 0 1708 5242; x_wconf 95' lang='lat' dir='ltr'><strong> </strong></span> 
     </span>
    </p>
   </div>
  </div>
 </body>
</html>
