3434 5234
311 315 380 388 286
852 313 1053 376 Grimmiscsae.

310 495 387 575 nais,
411 513 538 577 quarum
561 514 622 562 una
635 513 793 577 europaeo,
816 495 1029 578 compositum,
1053 496 1119 564 viro
1141 495 1364 577 illustrissimo,
1386 479 1484 564 amico
1498 497 1592 562 dilec-

312 599 434 665 tissimo
457 599 555 667 Auen
578 599 690 665 Banuu
713 598 861 665 dicatum.

758 781 913 839 monnio
933 780 1137 840 ocimoides.

702 885 857 961 Hedwigia
880 886 1039 946 sciuroides
1061 887 1105 945 Da
1129 887 1204 944 Non.

397 1015 501 1081 Cauiis
523 1015 638 1082 inieras
660 1016 840 1094 denudatus,
863 1017 1080 1084 eradioulosus.
1126 1018 1214 1084 Ilolia
1237 1018 1359 1084 caulius
1385 1018 1513 1101 undique
1532 1037 1591 1102 pa-

271 1181 275 1188 .
312 1119 421 1199 tentia,
445 1119 524 1184 sicca
546 1119 719 1200 imbricata,
744 1122 985 1206 ovato-oblonga
1008 1123 1199 1201 acuminata,
1222 1123 1353 1202 sulcata,
1376 1122 1462 1205 apice
1483 1141 1592 1188 crenu-

311 1226 392 1302 lata;
424 1224 653 1306 perichaetialia
674 1228 794 1305 erecta,
827 1227 984 1310 longiora,
1018 1226 1140 1311 longius
1163 1226 1328 1308 apiculata.
1375 1225 1523 1310 Calyptra
1552 1227 1591 1291 ad

310 1329 451 1412 capsulae
475 1328 562 1395 basin
584 1329 756 1410 producta,
790 1329 886 1396 lusca.
932 1330 1066 1413 Oapsula
1087 1330 1178 1414 longe
1201 1330 1358 1413 elliptica‚
1382 1331 1591 1414 symmetrias,

310 1433 516 1499 microstoma.
562 1431 746 1514 Operculum
769 1434 917 1499 conicum.
963 1435 1067 1519 Bryol.
1091 1455 1153 1501 eur.
1177 1435 1246 1500 Vol.
1270 1435 1329 1514 111,
1353 1433 1429 1500 [lab.
1446 1434 1518 1500 275.

312 1554 515 1619 Sebistidium
536 1556 658 1618 nudum
681 1554 845 1621 Sunnarua.
869 1557 948 1623 cent.
970 1556 1018 1622 Pl.
1042 1557 1133 1622 Helu.
1157 1557 1312 1644 (sterilis).

311 1659 559 1742 Auoeetunpium
581 1659 756 1722 saturnides
777 1659 826 1724 Da
848 1658 969 1725 Nonas.
993 1662 1025 1725 et
1047 1659 1195 1725 Bsasnuo
1217 1661 1334 1744 Pugill.

311 1761 480 1846 Hcdwo'pio
502 1763 675 1826 sciuroidea
697 1763 746 1826 Da
761 1762 879 1828 Nonnu.
901 1763 976 1846 Syll.
995 1766 1026 1829 et
1049 1762 1130 1846 Epil.
1154 1783 1184 1846 p.
1208 1763 1259 1831 95.

311 1866 460 1931 &cunia
482 1867 656 1931 sciuroides
678 1866 736 1931 Bu.
760 1868 792 1933 et
816 1866 888 1933 sorr.
912 1867 1016 1952 Bryol.
1039 1887 1103 1934 eur.
1127 1868 1148 1936 1.
1172 1888 1198 1935 c.

311 1969 453 2035 Neeloero
476 1971 650 2034 sciuror'dce
672 1968 705 2036 0.
728 1969 863 2035 biduana
885 1969 1014 2055 Synops.

396 2090 507 2156 Hauu.
539 2090 571 2154 in
594 2090 736 2155 Helvetia
765 2089 978 2170 meridionali,
1008 2092 1062 2158 ubi
1094 2091 1290 2158 Scanarcnan
1311 2094 1427 2175 primus
1451 2093 1585 2160 sterilem

310 2195 408 2279 legit,
440 2196 472 2259 in
506 2194 587 2262 valle
617 2195 788 2261 Leuantina
810 2196 971 2261 Helvetiae
1000 2197 1158 2262 ticinensis
1188 2196 1226 2262 ol.
1259 2197 1440 2263 Bususnnn
1479 2199 1586 2265 lructi·

309 2299 406 2365 ieram
427 2297 555 2375 deterit,
578 2298 610 2362 in
632 2297 756 2380 rupibus
779 2300 926 2366 calcareis
949 2301 1133 2367 aridissimis
1157 2302 1238 2367 circa
1262 2302 1430 2388 Menappio
1464 2303 1583 2386 (Grun-

309 2405 446 2485 vnuam),
479 2403 652 2485 nuperrime
674 2402 801 2484 pulchre
823 2403 1061 2472 fructificantem
1083 2406 1163 2491 legit
1185 2407 1341 2472 reverend.
1366 2408 1525 2473 Fanuaorn
1546 2407 1583 2472 ad

309 2507 408 2571 Ponte
429 2509 465 2571 di
488 2507 598 2571 Brulla
621 2525 714 2588 supra
737 2507 885 2572 Locoruo
907 2508 1030 2574 Heluet.
1060 2509 1249 2590 insubrium,
1282 2531 1372 2595 parce
1395 2511 1581 2577 fructiferam

308 2629 401 2693 prope
424 2611 539 2675 Merum
562 2609 684 2694 Tyrolis
708 2611 814 2676 merid.
838 2611 979 2695 (nnana),
1002 2631 1095 2696 prope
1112 2613 1291 2680 Clu-iuuenca
1315 2615 1497 2702 (Prorsus),
1520 2619 1582 2680 ste-

310 2714 399 2780 rilem
422 2715 453 2779 in
477 2713 558 2779 valle
581 2715 730 2779 Iutroscu
751 2715 791 2780 ad
814 2715 957 2798 oppidum
981 2717 1080 2782 Bieno
1102 2718 1164 2802 (Da
1186 2719 1348 2806 Nouanus).

396 2818 505 2883 Fruct
529 2825 646 2882 ramur.
671 2835 751 2882 vere.

296 2925 297 2930 ’
395 2929 508 2990 Sterilis
531 2928 616 2988 facile
632 2947 697 2990 cum
712 2929 895 3008 Heduu'yu'dio
911 2931 1031 2990 imberbi
1046 2935 1249 3006 commutatur,
1271 2934 1342 2994 lolia
1357 2937 1456 2998 tamen
1471 2935 1584 3006 latiora,

306 3017 474 3076 distinctius
496 3017 613 3076 sulcata
636 3019 714 3090 sunt,
737 3017 869 3093 margine
892 3017 987 3078 minas
1010 3019 1124 3080 uellera.

837 3246 950 3320 Fam.
977 3246 1046 3319 IV.

730 3373 1150 3479 Ptychumitrieae

391 3548 523 3614 Plantae
546 3547 626 3612 inter
651 3545 842 3614 Grimmieus
866 3550 897 3614 et
922 3549 1155 3614 Ortlotriclucos
1177 3549 1328 3630 ludentes,
1352 3550 1417 3618 illis
1439 3551 1580 3618 foliorum

302 3653 433 3732 textura,
457 3651 599 3734 capsulae
622 3652 653 3717 et
677 3652 791 3734 partim
814 3653 987 3735 peristomii
1010 3653 1109 3719 forma
1124 3654 1157 3718 et
1172 3655 1329 3719 structura
1345 3653 1509 3738 proximae,
1531 3655 1580 3720 bis

302 3757 444 3842 calyptra
467 3776 588 3842 magna,
611 3755 879 3841 longitudinaliter
901 3756 1026 3840 plicata,
1049 3776 1102 3824 nec
1124 3775 1186 3822 non
1208 3756 1351 3825 foliorum
1375 3760 1445 3826 reti.

390 3860 476 3927 l'olia
497 3861 848 3944 elongato-lanceolata,
871 3863 1007 3940 costato,
1031 3862 1106 3927 retis
1130 3862 1257 3945 apiculis
1280 3863 1391 3930 areolis
1414 3864 1581 3947 punctilor·

303 3964 413 4041 mibus
436 3963 580 4030 basilaris
602 3963 871 4031 brevi-linearibus
895 3965 1067 4050 marginem
1090 3983 1194 4032 versus
1210 3967 1581 4054 reotanguloberagonis,

302 4069 350 4133 vel
381 4070 448 4134 tota
478 4067 543 4133 basi
580 4068 774 4152 rectangulis
812 4069 904 4151 atque
941 4070 1149 4153 leptodsrmis.
1195 4069 1301 4137 Plures
1339 4071 1579 4157 gemmiiorrues‚

302 4173 430 4238 masculi
453 4171 629 4238 terminales
653 4173 701 4238 uel
724 4173 877 4240 arillares.
923 4172 1070 4257 Calyptra
1092 4173 1327 4252 mitraelormis‚
1349 4175 1521 4259 majuscula
1540 4175 1579 4242 ad

178 4313 190 4328 ·
302 4275 524 4358 longitudinem
547 4275 705 4341 multoties
727 4276 854 4358 plicata,
878 4277 943 4343 basi
967 4277 1072 4356 incisa,
1095 4277 1185 4343 nuda.
1223 4276 1355 4360 Capsula
1378 4276 1410 4344 in
1434 4279 1578 4362 pediosllo

301 4381 385 4444 recto
407 4378 476 4459 plus
499 4377 598 4442 minus
621 4377 765 4462 elongato
787 4384 899 4459 erecta,
923 4381 1128 4464 symmetrica.
1173 4381 1357 4463 Operculum
1378 4402 1526 4468 magnum
1548 4383 1578 4448 in

301 4481 452 4549 aciculam
474 4481 660 4546 continuum.
706 4481 927 4549 Peristomium
958 4483 1097 4567 simplex,
1129 4485 1579 4566 16·dentatum‚dentesluu·

301 4583 422 4664 ceolati,
446 4583 646 4649 transversim
669 4584 844 4664 articulati,
865 4587 998 4672 integri,
1021 4587 1138 4671 pertusi
1161 4605 1214 4653 seu
1236 4588 1268 4653 in
1290 4607 1381 4656 crura
1404 4589 1463 4656 duo
1486 4589 1578 4656 subu-

301 4689 368 4756 lata
390 4687 440 4755 vel
463 4686 620 4754 filiformia
643 4687 822 4756 alternatim
846 4691 985 4778 longiora
1007 4692 1039 4759 et
1061 4691 1199 4760 breviora
1221 4691 1324 4760 diuisi.
