3128 5254
309 351 373 416 722
866 348 1032 421 Horum

308 523 464 610 Hypccm
485 523 613 590 Hodoi
636 523 764 590 ramulis
785 525 1005 607 approximatis
1027 522 1183 600 brevibus,
1205 521 1287 590 loliis
1306 523 1391 608 planis
1407 525 1504 590 renui

414 629 505 696 Lrnrs.
528 629 573 694 fil.
597 629 731 696 Dissert.
754 629 853 696 Musa.
876 650 906 713 p.
929 629 981 695 35.

308 731 464 818 Hypium
480 731 616 800 caulibus
638 733 815 815 prostratis,
837 732 920 799 foliis
942 731 1123 798 lanceolatis
1146 731 1277 810 refluis,
1299 732 1418 815 operculo
1434 733 1510 798 omui.

412 837 544 906 Hlarus
564 838 649 904 Hist.
672 836 767 919 Stirp.
788 835 912 902 Helvet.
934 835 975 901 N.
1001 833 1095 900 173o.

348 942 458 1008 Hnow.
481 943 579 1009 Muac.
601 941 700 1008 frond.
723 941 778 1008 IV.
823 940 1006 1008 Scswsaos.
1031 939 1138 1024 Suppl.
1161 940 1187 1017 I,
1211 939 1248 1004 P.
1271 941 1313 1006 n
1355 942 1428 1006 ano,
1444 935 1521 1022 lind

415 1046 495 1112 univ.
539 1046 588 1113 Dr
608 1045 729 1112 Nuria.
753 1045 834 1128 Epil.
878 1045 1004 1110 Haarrc.
1028 1043 1141 1110 Sksud.
1163 1043 1211 1108 ΡΙ.
1242 1045 1300 1110 Ba
1322 1047 1355 1110 et
1371 1043 1432 1110 Sca
1448 1045 1521 1126 Bu

413 1169 477 1217 eur.
522 1149 555 1217 0.
577 1151 712 1216 Manuos
732 1149 860 1232 Synops.
905 1148 1038 1215 Wuaori
1059 1148 1163 1233 Brpol
1185 1147 1264 1214 Brit

391 1271 502 1338 Habit.
524 1271 564 1338 ad
586 1289 660 1338 sara
680 1272 714 1336 et
736 1289 826 1353 rupes
848 1270 1030 1352 praesertim
1052 1270 1189 1336 calcarm
1210 1270 1347 1355 regionis
1367 1275 1516 1336 manusc

304 1374 500 1458 subalpinae:
523 1375 556 1440 in
577 1377 644 1442 toto
666 1375 770 1440 tractu
789 1374 941 1458 jurassico
961 1375 1027 1439 tam
1050 1373 1203 1439 belvetico
1225 1393 1319 1456 quarn
1341 1377 1517 1458 germanico:

305 1480 396 1546 hocce
417 1481 526 1560 rsrius,
549 1481 580 1546 in
602 1481 733 1563 Alpibus
755 1479 900 1546 calcaneis
923 1479 1141 1562 copiosissime,
1165 1478 1324 1561 sporadice
1345 1481 1375 1544 iu
1395 1481 1482 1564 gradiri

305 1584 404 1650 rarius
425 1584 457 1649 in
479 1583 612 1662 Sudctis,
634 1585 666 1648 in
689 1582 854 1668 Norvegia,
876 1582 994 1660 Suesia,
1017 1583 1173 1668 Lepponia
1194 1587 1231 1647 ut
1253 1585 1286 1648 et
1308 1583 1342 1648 iu
1355 1583 1513 1650 decimos

303 1688 337 1753 in
358 1688 488 1772 Vogeso,
510 1689 543 1753 in
563 1688 773 1772 Sylva-nigre,
794 1687 828 1752 in
848 1687 1013 1772 Hercynia
1043 1686 1070 1751 lo
1092 1686 1250 1752 montibus
1273 1686 1315 1752 ad
1333 1687 1510 1772 Portopel'*

305 1793 411 1858 Amor.
434 1793 512 1875 sept.
535 1793 573 1857 cl.
597 1791 779 1858 Daunuorm
801 1790 898 1858 misit

235 1967 240 1980 ,
393 1895 502 1962 Fracct.
524 1903 640 1961 matter.
671 1897 710 1961 ad
732 1897 862 1963 aestatis
884 1895 976 1962 finam
999 1897 1030 1961 et
1052 1894 1174 1960 initium
1196 1895 1299 1974 reris,
1330 1899 1466 1962 metarum
1488 1911 1493 1953 ἱ

305 2019 384 2066 anno
405 1999 538 2083 capsulis
562 2000 694 2066 maturis
715 2001 748 2066 et
768 2000 946 2066 immaturis
967 1999 1132 2066 invenitur.

393 2113 585 2184 liinntulum,
616 2112 882 2188 elegantissimum,
915 2111 1020 2171 habitu
1052 2110 1190 2185 peculiari
1224 2111 1378 2187 gaudens,
1408 2128 1484 2182 aser
1500 2121 1514 2138 ‘

306 2199 451 2259 diversum
473 2200 651 2274 caespitibus
673 2199 868 2271 condensatis,
890 2197 967 2260 foliis
989 2198 1112 2258 maxime
1134 2197 1277 2257 censentis
1300 2199 1513 2273 renoscens·

305 2285 468 2358 latioribus,
499 2286 673 2346 humiditate
695 2286 951 2362 griseo-viridibus
985 2285 1092 2358 (colore
1129 2303 1148 2344 a
1176 2285 1309 2360 guttulis
1342 2303 1433 2362 aquae
1458 2305 1481 2340 e

306 2373 476 2448 tegentibus
497 2372 715 2448 proveniente),
738 2374 859 2449 capsula
880 2390 972 2448 usque
995 2373 1032 2432 ad
1054 2373 1258 2431 maturitatem
1280 2375 1431 2448 pruinosa
1466 2371 1502 2428 i.-

305 2462 394 2537 typus
427 2461 599 2536 subgeneris
626 2461 752 2536 propriil
799 2460 916 2535 Species
945 2459 1077 2535 proxima
1105 2459 1208 2518 Indiae
1238 2461 1399 2520 orientalis
1425 2461 1492 2518 incr

306 2546 441 2608 Hookero
463 2547 493 2606 in
517 2548 595 2609 Icon.
618 2548 709 2620 P1.1,
733 2548 792 2608 tab.
816 2548 857 2606 28
881 2547 935 2607 sub
957 2547 1072 2608 nomine
1095 2545 1134 2604 Η.
1149 2547 1305 2622 rotrodus·
1326 2548 1466 2608 delineata
1496 2559 1507 2591 ·-

627 2747 758 2833 Subgcn.
783 2749 813 2814 2.
857 2747 1111 2832 Campylium
1133 2747 1260 2814 Souris.

394 2902 498 2970 Oculis
514 2921 630 2986 repens,
646 2905 819 2988 prostratus
835 2904 884 2970 vol
899 2903 1073 2980 ascendens,
1096 2921 1173 2987 ruge
1188 2903 1235 2968 vei
1254 2902 1463 2987 subpinnatin
1475 2917 1504 2958 ··-

305 3027 365 3076 sos.
410 3008 497 3075 Folia
520 3027 682 3091 squarrosa
703 3009 752 3075 vel
776 3008 964 3075 subsecanda
984 3007 1119 3086 falcata,
1143 3007 1344 3086 lanceolata,
1369 3011 1455 3094 longe
1482 3023 1487 3034 ·

303 3113 396 3198 gusta
417 3113 601 3190 aeliminata,
617 3113 765 3193 ocostata,
781 3113 831 3179 vel
846 3114 1059 3191 tonuicostata,
1082 3112 1141 3178 reti
1156 3111 1265 3178 lineali
1281 3114 1407 3180 laxiore
1422 3114 1459 3176 re}
1473 3113 1493 3170 '.

304 3215 541 3302 angustissimo,
570 3216 609 3282 ad
639 3217 769 3302 angulos
791 3217 958 3283 lariusculo
981 3217 1139 3300 quadrato.
1185 3215 1329 3298 Capsula
1352 3219 1502 3284 subann-

304 3320 442 3387 siccitsto
464 3322 610 3400 acuam,
642 3320 815 3407 ferruginea
838 3321 960 3404 saepius
982 3319 1131 3398 discolor,
1162 3321 1311 3404 operculo
1336 3335 1506 3388 cunina:

305 3424 519 3512 Amblystcpii.

689 3609 720 3665 2.
749 3607 917 3676 Hypnum
939 3606 1189 3664 sommerfeltii.

779 3730 878 3790 liram
900 3729 990 3789 Acad.
1013 3729 1108 3789 Holm.

390 3855 574 3936 Monoicum,
590 3859 748 3938 torollum,
771 3859 1145 3944 demisso-caespiiosum3
1166 3861 1329 3944 caespites
1346 3863 1472 3929 hriust-
1490 3902 1500 3914 -

304 3960 565 4028 tescenti-virides
596 3964 629 4030 et
659 3967 782 4031 omnino
813 3965 1008 4033 latescentea.
1052 3965 1156 4032 Oanlis
1187 3966 1415 4048 subpinnatim
1446 3983 1472 4019 τ-

302 4064 482 4132 tumulosos.
513 4065 602 4134 Folia
621 4069 699 4134 satis
715 4069 861 4148 conferta,
884 4069 1088 4152 squarrosula,
1101 4069 1225 4153 juniora
1242 4071 1376 4154 saepius
1393 4069 1505 4136 saber·

303 4185 320 4233 c
342 4167 406 4235 late
427 4169 519 4236 ovato
541 4171 643 4238 subibo
667 4173 797 4256 angusto
818 4172 990 4240 lanceolata
1004 4174 1037 4238 et
1051 4173 1083 4238 in
1097 4171 1254 4255 apiculum
1270 4173 1409 4260 lougm
1424 4184 1514 4234 a.-·

302 4271 471 4355 producta,
494 4275 646 4342 ramulina
667 4276 766 4342 multo
789 4277 928 4356 minora,
951 4278 1056 4344 omnia
1076 4277 1176 4344 laxius
1199 4277 1356 4352 arnolsta.
1382 4283 1496 4340 eureu-

301 4376 404 4442 costae
425 4375 490 4444 loco
514 4378 644 4446 breviter
665 4380 785 4460 bistria,
809 4380 896 4446 basin
918 4399 1024 4448 versus
1046 4380 1183 4446 obsoleta
1205 4381 1382 4446 somulstm
1428 4375 1483 4440 ss:
1508 4404 1513 4413 ·

301 4477 380 4544 tium
402 4481 664 4566 subsquarrosum,
686 4483 768 4550 foliis
790 4483 920 4551 internis
941 4485 1051 4552 erectis
1066 4481 1409 4566 biformi-apicula&
1432 4494 1499 4540 ὓ

277 4581 354 4661 tia,
376 4585 574 4667 tenuissimis,
596 4587 730 4655 obsoleto
753 4589 785 4654 ot
808 4588 940 4655 breuiter
961 4587 1154 4656 uuicosiatis.
1196 4585 1358 4672 Vaginula
1383 4597 1502 4648 w·

300 4685 524 4770 paraphysibus
545 4691 653 4772 pilosa
699 4691 832 4776 Capsula
853 4689 887 4758 in
907 4691 1054 4776 pedioello
1076 4687 1270 4777 longiusculo
1294 4689 1384 4758 teum
1399 4687 1482 4752 rab·
