3388 5218
676 340 851 400 Introductis

186 521 417 589 Raoomitrium
438 519 692 597 heterostiohum,
828 585 849 619 0

333 644 507 692 canescens.

188 728 379 814 Sphohnum
401 705 647 814 ampullarum

186 833 322 898 donaria
344 831 583 918 hygrometn'oa

188 937 400 1022 leptobrpum
422 934 589 1020 piriforme.

331 1969 553 2054 androgynum.

193 2074 314 2140 Moesos
337 2073 503 2157 longiseta

193 2177 369 2244 Burtramia
391 2175 580 2261 ithyphylla,

334 2279 538 2366 pomilormis.

193 2385 370 2454 Philonotis
391 2385 528 2462 fontana,

335 2491 482 2557 oaloaree.

192 2595 386 2680 Pogonatnm
408 2593 597 2678 urnigerum.

192 2699 408 2785 Polytriohum
430 2697 609 2774 formosum,

331 2799 459 2884 graeile,

331 2903 497 2988 piliierum,

327 3007 548 3092 juniperinum,

331 3112 486 3189 striotum‚

331 3233 503 3284 commune.

189 3320 379 3388 Burbaumia
399 3317 538 3403 aphplla,

331 3422 497 3488 indusiato.

190 3529 394 3614 Diphysoium
415 3525 570 3593 foliosum

841 825 1032 893 Antitriohie
1053 823 1278 910 ourtipendula.

843 929 1011 996 Thuidium
1033 927 1277 1008 temarisoinum,

983 1031 1185 1118 recognitum

843 1137 1092 1222 Plagiotheoium
1113 1135 1347 1204 dentiouletnm.

842 1241 1028 1307 Thamnium
1051 1242 1257 1326 alopeounsm.

843 1345 1076 1432 Eurhpnohium
1098 1343 1309 1430 praelongam,

986 1445 1231 1525 orassinervium,

986 1551 1154 1635 piliserum,

987 1654 1172 1742 glareosum

843 1759 1093 1844 Amblystegium
1116 1757 1335 1826 eonfervoides.

843 1863 990 1949 Hypnum
1014 1861 1243 1942 Sommerieltii,

987 1966 1234 2052 polymorphum,

987 2071 1158 2148 stellatum,

987 2175 1191 2252 incurvatum,

988 2277 1234 2364 cupressiiorme,

986 2383 1182 2458 molluscum,

985 2487 1122 2564 fluitans,

985 2589 1146 2666 aduncum,

986 2692 1220 2770 commutatum,

985 2795 1189 2874 oordifolium,

985 2898 1198 2978 stramineum,

984 3001 1150 3083 trifarium,

984 3105 1154 3174 Sohreteri.

840 3210 1060 3296 leoeomium
1082 3210 1253 3295 splendens,

982 3315 1111 3393 loreum,

984 3419 1102 3504 triquet
1157 3410 1180 3484 ’.

842 3523 986 3612 sphagno
1009 3524 1121 3592 omnia

568 3707 594 3777 9.
618 3707 646 3764 2.
691 3705 783 3780 Regio
807 3706 955 3764 montana.

211 3839 391 3905 Montanum
413 3836 543 3903 dicimus
566 3836 723 3921 regionem
751 3855 828 3920 quse
849 3855 868 3901 a
890 3836 975 3902 oulta
999 3836 1048 3902 vel
1070 3835 1235 3919 campestri
1257 3835 1296 3900 ad
1317 3835 1400 3900 limi·

132 3941 175 4006 tes
195 3942 272 4027 Pagi
303 3941 477 4026 superiores
508 3939 645 4006 aseendit
667 3940 759 4022 atque
781 3939 813 4004 in
837 3941 1043 4005 ronemostre
1065 3937 1246 4004 intermedia
1267 3938 1307 4003 ab
1328 3938 1400 4004 elti-

129 4043 228 4110 tudine
251 4045 314 4110 500
337 4063 379 4109 m.
409 4043 448 4108 ad
478 4042 677 4108 altitudinem
709 4043 793 4108 1160
815 4062 856 4108 m.
879 4041 1035 4127 procedit,
1064 4042 1097 4108 in
1126 4041 1320 4110 meridionali
1352 4041 1399 4108 in-

130 4147 174 4211 ter
187 4149 388 4213 2-2600111.
412 4145 542 4231 attingit
565 4147 658 4229 atque
680 4165 788 4212 sersus
811 4146 1053 4230 septentrionem
1074 4145 1225 4212 erotioum
1246 4145 1279 4209 in
1301 4145 1400 4230 plani·

130 4249 200 4314 tiem
228 4252 355 4335 paulum
384 4269 478 4333 supra
507 4269 592 4316 mero
623 4250 737 4316 elatam
768 4249 935 4316 deseendit.
981 4250 1078 4335 Regio
1109 4249 1186 4316 haee
1213 4251 1270 4316 sut
1291 4250 1400 4316 umbra

129 4355 279 4438 sylvarum
300 4375 428 4422 suarum
450 4357 516 4420 tam
537 4354 718 4423 foliosarum
741 4375 833 4439 quam
856 4375 1067 4434 eoorosarum,
1104 4357 1137 4421 in
1159 4355 1286 4440 rupibus
1309 4354 1398 4424 rioois
1453 4435 1454 4439 Ἰ

129 4459 158 4522 et
178 4457 320 4537 humidis,
343 4459 384 4524 od
406 4459 493 4543 ligna
515 4459 665 4536 emortua,
689 4459 722 4524 in
743 4459 916 4526 rivulomm
938 4459 1014 4543 ripis
1037 4459 1154 4526 saxosis
1177 4461 1226 4524 sel
1249 4459 1399 4544 rupestri·

129 4561 181 4626 un
203 4581 345 4648 magnam
368 4563 489 4646 oopiem
511 4563 690 4628 Musoorum
712 4561 771 4628 elit
793 4563 825 4628 et
847 4562 928 4628 haud
951 4581 1064 4645 peuoes
1093 4562 1205 4646 stirpes
1234 4561 1398 4648 bryophilo

129 4663 233 4744 offert,
262 4685 339 4752 quas
370 4665 486 4732 frustm
512 4665 563 4732 rel
585 4665 617 4730 in
638 4665 803 4752 oempestri
827 4668 878 4732 vel
899 4666 931 4732 in
953 4666 1058 4750 alpina
1080 4665 1205 4752 regione
1226 4665 1396 4749 quaereret.
