3208 5214
634 301 804 360 Weiaiaceae.
1313 303 1354 370 45

49 475 171 553 Rheni,
204 476 417 559 pulcherrime
441 495 537 558 prope
561 477 728 543 Marsilluc
750 477 832 545 (lull.
856 477 974 556 merid,
1008 497 1101 560 prope
1123 477 1295 544 Macareum·
1324 477 1355 543 in

51 599 195 646 caverna
227 580 404 662 taphacca3
433 581 590 646 caeterum
623 581 654 648 iu
682 581 808 664 rupibus
831 583 863 646 at
885 581 982 646 muris
1004 580 1186 664 praeprimis
1208 582 1356 648 epicureis
1477 627 1482 634 -

55 685 208 750 irroratis
238 703 299 767 per
321 685 482 767 regionem
506 683 699 767 subalpinam
727 685 862 751 omnium
886 684 1012 768 alpium,
1036 686 1117 752 baud
1139 705 1252 764 rarum,
1275 686 1356 752 socio

61 789 223 853 Eudcclr'o
248 789 451 865 verticillcto,
476 788 508 853 in
530 788 685 871 topbaceis
709 788 902 855 stillantibus
925 787 1019 872 topho
1042 790 1195 855 obrutum.
1229 789 1356 872 Varrfi

63 897 96 956 et
133 921 151 976 7
189 891 221 958 iu
265 893 396 975 rupibus
436 892 618 975 praeprimis
660 891 840 958 schisiuceis
882 893 975 976 alque
1012 894 1172 978 granitieis
1210 894 1355 978 Alpium3

66 1015 158 1078 prope
181 994 393 1061 Nidarcsiam
416 997 449 1059 et
471 995 502 1059 in
526 995 607 1078 Alpe
627 993 735 1060 Docre
756 995 943 1080 Norvegiae,
975 993 1006 1062 in
1033 997 1131 1080 rupib.
1181 999 1296 1084 Cirque
1317 1000 1356 1064 de

70 1103 216 1166 {locarat
240 1101 377 1186 Pyran,
412 1101 444 1165 in
467 1099 549 1166 vallo
574 1101 617 1164 Sl.
641 1100 771 1165 Nicolcc
793 1119 885 1182 prope
910 1101 1038 1165 Bcrruic
1060 1102 1181 1186 Tyrsi,
1213 1103 1244 1168 in
1273 1104 1355 1169 valle

71 1205 152 1268 Saus
174 1204 338 1283 Valesiae,
362 1204 396 1268 in
418 1203 571 1269 Gastunia
593 1203 758 1286 multisque
781 1203 852 1268 aliis
875 1203 950 1268 locis
972 1205 1099 1288 Alpium
1121 1205 1193 1288 legi.
1238 1206 1287 1271 Ad
1303 1226 1356 1272 ca-

71 1311 207 1374 taractas
233 1309 392 1392 Niaqcru
414 1308 539 1385 lectum,
562 1305 613 1372 ubi
634 1307 802 1389 copiosum,
824 1310 857 1373 et
879 1326 896 1371 e
917 1327 959 1375 ru.
984 1309 1152 1373 Himulciu
1174 1311 1281 1378 babeo.

158 1415 268 1478 Fraus.
294 1421 417 1477 mutar.
440 1413 480 1478 ad
502 1411 633 1477 aestatis
655 1411 757 1478 finem.

156 1543 247 1602 Foliis
270 1543 446 1612 latioribus,
473 1541 628 1617 arrgnstins
650 1541 786 1610 rostatis,
809 1541 940 1616 margine
964 1541 1086 1613 reflexis,
1109 1543 1139 1601 in
1163 1548 1246 1616 parte
1269 1563 1355 1620 supe·

72 1629 144 1688 riore
166 1629 417 1705 eblorcphyllcsis
450 1628 514 1688 basi
545 1628 638 1687 laxius
668 1631 751 1688 terta
783 1629 920 1702 hyalinis,
949 1629 1059 1698 acutis,
1095 1631 1215 1704 capsula
1246 1633 1354 1708 pachy-

71 1719 185 1784 clerma,
219 1717 329 1786 solida,
360 1718 427 1776 ruia
460 1719 491 1774 et
523 1715 625 1786 badia,
656 1715 791 1790 operculo
824 1716 1015 1775 subulirostro
1045 1733 1169 1774 unacum
1203 1718 1354 1786 columella

71 1804 188 1862 sublato
210 1805 372 1878 spurisque
395 1803 484 1878 duplo
507 1803 665 1876 majoribus
687 1802 800 1876 species
822 1802 894 1861 lraec
917 1803 1001 1862 facile
1024 1822 1042 1861 a
1065 1805 1265 1876 praecedente,
1287 1823 1349 1865 cum

71 1909 129 1963 qna
151 1909 242 1966 saepe
267 1894 474 1960 commutatur,
498 1889 687 1966 dignoscitur.
732 1890 778 1948 An
802 1891 891 1964 typus
914 1890 1030 1962 generis
1054 1891 1184 1964 proprii?

160 1979 333 2052 caespitum
356 1977 498 2046 densitas,
522 1976 689 2050 plantarum
711 1976 837 2034 altitudo
854 1977 883 2033 et
899 1976 1080 2046 ramiiicatio,
1103 1977 1236 2036 foliorum
1258 1978 1353 2054 longi·

72 2063 144 2122 tudo
173 2068 266 2140 atque
298 2065 435 2138 capsulae
464 2063 559 2122 forma
588 2079 672 2137 quarn
696 2062 817 2122 maximo
841 2063 1012 2133 variabiles,
1045 2063 1093 2121 vir
1123 2066 1286 2123 caracteres
1316 2065 1353 2125 ad

70 2150 183 2224 species
212 2152 412 2210 instituendas
442 2153 492 2208 sat
522 2150 643 2208 stabiles
671 2150 871 2223 suppeditant.

159 2239 246 2297 Folia
268 2239 348 2297 haud
376 2256 440 2297 raro
472 2236 584 2295 minute
615 2235 759 2309 pupillosa
788 2237 978 2311 proveniunt!
1017 2237 1119 2311 Margo
1148 2254 1237 2310 snpra
1260 2237 1354 2309 basin,

71 2334 102 2380 ut
126 2325 157 2382 in
180 2325 344 2390 recemum.
366 2325 485 2400 saepius
508 2323 670 2382 aemulatus
693 2323 878 2397 conspicitur.

523 2507 602 2585 Gen.
631 2509 661 2584 5.
700 2507 908 2585 Euoladium.

540 2636 593 2694 Bra.
616 2638 646 2693 et
668 2635 735 2694 Seu.
757 2635 806 2692 Br.
828 2652 887 2694 eur.

159 2769 296 2834 Plantae
317 2768 410 2834 dense
431 2765 659 2848 compilantes,
688 2763 934 2830 innovationibus
963 2765 1102 2848 repetitis
1124 2767 1284 2832 multoties
1305 2767 1354 2833 di-

71 2873 219 2938 clrotome
243 2892 379 2938 ramosae
401 2869 495 2955 (unde
518 2886 627 2934 nornen
651 2893 687 2934 co
710 2870 742 2933 et
765 2869 903 2950 κλαδος).
948 2868 1036 2934 Folia
1058 2869 1212 2952 5·sticba,
1236 2873 1353 2936 erecto-

72 2977 226 3057 patentia,
249 2972 592 3049 lanceolata-subulcis,
614 2989 719 3038 crasse
741 2973 870 3048 coelata,
892 2970 1007 3054 rigida,
1029 2971 1163 3055 fragilia,
1188 2973 1353 3051 sublaevie,

71 3084 159 3160 parte
174 3079 334 3162 superiore
348 3076 562 3162 irregulariter
577 3074 741 3158 quadrato-
761 3077 794 3138 et
816 3075 1073 3154 orato-areolam,
1096 3075 1352 3160 chlorophyllosa,

71 3181 267 3250 assumtus
290 3184 384 3261 texta,
407 3181 543 3264 hyaliua.
582 3178 687 3244 Floras
710 3177 811 3243 diolci.
850 3177 998 3262 Calyptra
1020 3180 1182 3246 cucullata
1221 3179 1354 3264 Capsula

69 3291 133 3356 alte
155 3287 364 3372 particellula,
386 3287 507 3363 erecta,
530 3286 631 3362 ovata,
655 3283 764 3360 ocelle,
787 3282 991 3348 solidiusenla
1037 3285 1178 3350 Annulus
1201 3304 1353 3368 perangu-

69 3399 147 3460 stus.
180 3390 369 3474 Opercnlum
391 3389 638 3455 subulirostmm.
668 3386 849 3452 Peristomii
872 3387 979 3452 deutra
1001 3387 1150 3471 obliquati
1173 3407 1266 3472 supra
1280 3407 1353 3470 cap·

70 3499 155 3562 sulae
177 3495 334 3562 orificium
356 3491 561 3569 confluentes,
584 3490 884 3571 lineali-lanceolati,
906 3490 1006 3574 plani,
1028 3493 1145 3569 munes,
1168 3491 1353 3576 puuctulati,

69 3607 187 3669 remote
210 3602 245 3666 et
261 3599 385 3682 oblique
399 3595 567 3674 articulati,
590 3595 672 3662 linea
687 3595 849 3660 diuisurali
862 3595 1055 3674 indistincta,
1078 3596 1223 3680 bi-tritidi
1239 3599 1270 3661 et
1284 3615 1353 3678 pcr-

72 3708 147 3790 tnsi,
168 3706 315 3772 saturata
337 3701 485 3788 aurantii,
506 3699 728 3787 bygroscupici.
773 3699 886 3782 Spuma
908 3699 1090 3779 minutulae,
1112 3701 1225 3767 laeves.

72 3813 270 3878 &alaudae
294 3808 384 3874 Brun
408 3807 514 3890 Bryol.
537 3806 619 3874 univ.

78 3917 197 3982 ll'er'em
220 3916 367 3982 Sennea
413 3911 501 3978 Nuus
523 3913 557 3977 et
577 3911 739 3976 Huasscn.
785 3909 818 3976 G.
843 3910 986 3976 Mutuus.
1032 3909 1066 3976 C.
1089 3911 1258 3975 Hrsrrrrn.

179 4023 288 4090 Genus
311 4017 394 4084 sedis
415 4017 564 4095 incertae,
591 4015 663 4082 hinc
684 4015 723 4080 ad
753 4015 901 4080 Weisiccs
925 4015 972 4081 rel
996 4015 1034 4080 ad
1059 4015 1238 4095 Bliudiccs,
1267 4011 1352 4078 illinc

72 4129 110 4194 ad
138 4127 412 4210 Didymoduutccs
435 4122 587 4204 spectans.

464 4321 675 4378 Eucladi'm
698 4319 958 4376 verticillatum.

459 4425 565 4498 Bryurn
591 4423 795 4484 verticillatnm
819 4423 901 4482 Liar.
924 4421 973 4494 (l).

159 4545 266 4614 Cauiis
288 4539 510 4616 semiuncialis,
532 4539 659 4606 uncialis
681 4541 714 4604 et
736 4537 839 4615 altior,
862 4536 950 4602 valde
972 4551 1121 4608 ramosus,
1144 4531 1239 4598 remis
1262 4531 1352 4596 iasti-

66 4653 179 4738 giatis.
210 4648 301 4714 Folia
323 4645 468 4728 augusta,
490 4647 575 4712 costa
597 4644 700 4710 ualida
722 4643 822 4706 totum
845 4641 908 4704 sere
923 4657 1027 4704 eorum
1043 4637 1160 4719 apicem
1175 4633 1352 4715 occupante,
