3316 5262
308 370 371 436 726
861 365 1028 436 flumm-

306 552 503 628 nigricantes,
533 549 564 609 ib
594 551 674 609 terra
704 549 822 608 humida
851 549 930 608 nuda
958 548 1041 608 laxos
1063 547 1203 608 demissos
1225 549 1413 624 irregulares,
1438 548 1548 608 inseris

307 639 461 714 praecipue
484 636 617 698 calcariis
638 636 764 696 madidis
786 637 873 696 dense
896 636 1049 696 intricatos
1078 637 1202 696 sericeos
1224 637 1404 706 latescentes,
1425 655 1438 694 e
1459 637 1549 710 plantis

308 725 510 786 ramosissimis
540 724 747 800 confertimque
775 723 928 783 ramulosis
957 723 1147 798 compositos,
1184 722 1287 796 eecli
1317 724 1462 792 sistentes,
1490 741 1550 798 qnae

308 813 494 888 caeteroquin
517 811 594 871 iuliis
617 811 797 885 brevioribus
819 811 936 870 densius
958 809 1096 871 confertis
1118 810 1157 870 ad
1179 811 1289 884 apicem
1311 810 1475 870 ramulorum
1487 809 1550 867 baud

309 917 374 960 raro
395 900 584 960 subsecnudis
606 916 668 959 sese
691 897 856 974 distinguit
909 936 916 955 ,

703 1092 735 1147 c.
763 1088 932 1159 Hypnum
952 1089 1187 1158 polygonum.

620 1211 854 1286 Amblystegium
882 1209 1068 1286 polygamum
1089 1211 1187 1286 Bryol.
1210 1231 1270 1271 eur.

398 1342 614 1427 Polygsmum,
638 1340 828 1424 praecedenti
852 1341 962 1407 simile.
1007 1341 1163 1427 caespites
1185 1343 1287 1408 minus
1309 1342 1393 1421 elati,
1415 1341 1502 1406 luteo·
1521 1341 1555 1405 rel

310 1445 517 1512 rulo-uirides.
563 1446 668 1512 Cauiis
700 1446 800 1511 miuus
829 1445 991 1526 robustus,
1024 1447 1145 1530 saepius
1176 1447 1377 1530 procumbens
1399 1445 1447 1512 vel
1466 1464 1482 1510 e
1501 1463 1556 1529 pro

310 1552 410 1615 strala
431 1549 498 1614 basi
521 1549 694 1615 ascendens.
725 1549 813 1615 Folia
835 1549 937 1615 minus
959 1549 1051 1616 dense
1071 1551 1208 1617 conferta
1230 1550 1389 1634 minusque
1410 1569 1555 1632 squamosa

310 1654 499 1738 augustiora,
522 1672 577 1737 pro
600 1653 718 1719 ratione
740 1653 890 1738 longiore,
912 1673 930 1720 e
951 1652 1017 1720 basi
1039 1656 1130 1721 ovata
1153 1656 1185 1721 et
1207 1655 1446 1740 orato-oblonga
1468 1653 1554 1735 raptin

310 1759 441 1843 anguste
463 1757 638 1824 lanceolata
658 1759 690 1824 et
712 1757 877 1837 subulcis,
910 1759 996 1824 costa
1018 1756 1104 1824 tenui
1125 1776 1220 1840 usque
1242 1777 1349 1825 uersus
1372 1758 1486 1843 apicem
1505 1774 1551 1820 ιιι

309 1863 407 1942 buna,
430 1862 490 1929 reti
508 1862 592 1928 tenui
607 1865 751 1947 angusto,
773 1863 839 1929 basi
861 1862 987 1942 laxiore,
1008 1864 1048 1930 ad
1069 1863 1199 1948 angulos
1222 1864 1443 1930 subercauatos
1464 1863 1550 1927 rectu

309 1967 394 2051 gulo.
423 1966 511 2033 Folia
532 1965 763 2049 pericbuetialia
784 1968 895 2048 erecte,
917 1967 1039 2033 interna
1060 1968 1092 2032 in
1114 1969 1257 2035 subulam
1278 1967 1435 2046 exeuntia,
1455 1967 1553 2037 suaa

309 2071 531 2149 tenuioostater
553 2071 692 2138 ramulus
714 2070 942 2155 perichaetislis
965 2073 1129 2155 perbreuis,
1151 2073 1301 2140 redicens.
1334 2073 1442 2140 Floras
1462 2069 1557 2137 feminei

310 2175 343 2242 et
363 2172 534 2241 biserueles
556 2175 596 2241 ad
618 2174 704 2241 basin
727 2175 840 2241 ramuli
861 2175 1087 2258 perichsetialis
1103 2177 1274 2262 adgregati.
1306 2175 1484 2261 Capsulnin
1497 2173 1556 2258 pedi·

310 2280 387 2346 cello
409 2279 510 2346 minus
532 2280 675 2364 elongato
696 2278 951 2346 incuruo-cernua
972 2283 1004 2348 et
1025 2280 1379 2361 incurvo-horinontelis,
1401 2281 1558 2364 tempus

309 2384 450 2464 mollior,
480 2385 622 2469 operculo
645 2383 837 2463 acuminato,
870 2386 984 2452 annulo
1017 2385 1081 2452 lato
1110 2387 1143 2452 et
1163 2385 1343 2468 peristomio
1368 2381 1560 2470 praecedentis.

309 2491 414 2574 Bryol.
437 2507 500 2554 eur.
522 2488 592 2554 Vol.
615 2488 670 2567 VI,
693 2489 768 2556 st.
791 2489 866 2554 572.

311 2611 559 2697 Amblyaleqium
575 2611 783 2696 polypomum
803 2610 861 2675 Ba.
885 2610 916 2676 et
941 2607 1014 2678 Suu.
1038 2610 1143 2695 Bryol.
1166 2629 1230 2677 eur.

311 2715 467 2801 Hypaea
487 2714 680 2797 aodiflomm
701 2716 734 2780 et
755 2721 936 2800 stupendum
957 2713 1088 2780 Wrnsou
1110 2715 1183 2780 mst.

312 2820 468 2906 Hypatam
489 2819 646 2883 stellatum
668 2819 799 2884 Danau.
822 2804 919 2886 Maso.
943 2838 1037 2885 amer.
1061 2819 1101 2885 N.
1127 2817 1189 2886 184
1211 2821 1259 2904 (ex
1282 2819 1397 2901 parte).

312 2924 469 3008 Hypnum
485 2923 693 3008 polypamom
714 2921 786 2990 Son.
810 2921 920 2990 Coroll.
965 2921 1097 2989 Wrnscu
1120 2922 1224 3008 Bryol.
1247 2922 1328 2988 Brit.

312 3027 386 3093 Var.
408 3034 429 3107 β
451 3029 576 3110 minoe,
608 3027 775 3108 tenellum,
806 3026 888 3092 foliis
920 3025 1110 3094 brevioribus
1142 3027 1230 3093 ualde
1252 3026 1438 3110 squmrosis.
1481 3021 1560 3105 Brpol.
1629 3023 1630 3104 f

420 3149 484 3197 eur.
506 3130 529 3196 l.
552 3150 578 3196 o.

401 3251 511 3318 Hauc
533 3251 566 3316 in
587 3251 685 3334 pratis
707 3250 870 3336 uliginosis
893 3253 984 3334 inque
1005 3269 1098 3318 arena
1118 3269 1233 3336 aquosa
1247 3270 1301 3335 per
1315 3253 1417 3318 totam
1433 3250 1561 3334 regiones

315 3356 530 3424 intermediam
551 3374 646 3438 usque
668 3355 700 3420 in
723 3354 1005 3438 septentrionalem,
1027 3353 1096 3422 loca
1118 3357 1238 3423 salsosn
1260 3375 1443 3439 arenamque
1464 3349 1561 3420 mariti·

315 3479 397 3528 mam
420 3459 662 3544 praedilectans,
694 3459 777 3524 haud
798 3479 922 3539 rarum,
954 3457 1006 3525 sed
1039 3477 1108 3525 cum
1130 3459 1175 3526 H.
1197 3461 1317 3526 sonmo
1346 3459 1561 3526 commutatum:

314 3583 464 3648 nusquam
485 3564 636 3646 copiosius
656 3564 839 3648 uberiusque
861 3564 1047 3631 fructificans
1070 3565 1134 3630 vidi
1156 3584 1248 3649 quam
1270 3565 1301 3630 in
1321 3565 1412 3632 dunis
1427 3558 1561 3648 uliginosis

283 3747 285 3750 ¹
315 3686 407 3752 prope
431 3669 601 3754 Soclbpcrt
622 3669 765 3754 Angliae.

403 3771 511 3838 Fruct.
535 3781 651 3838 macor.
675 3773 802 3840 aestate.

402 3899 428 3959 A
451 3898 551 3960 formis
572 3901 731 3961 laxioribus
754 3901 935 3962 tenuioribus
957 3901 996 3961 H.
1011 3901 1118 3962 salba·
1139 3899 1216 3962 loliis
1239 3901 1334 3962 minus
1356 3899 1510 3978 squamosis
1522 3911 1559 3954 an·
1629 3929 1630 3968 ι

315 3987 497 4064 gustioribus
519 3988 606 4065 louge
630 3989 752 4050 costulis
777 3988 869 4063 primo
892 3988 956 4048 risu
984 3989 1187 4064 distinguitur.
1231 3989 1326 4064 Prope
1349 3989 1559 4065 Argentoratum.
1629 3969 1630 3996 ¹

315 4075 354 4136 H.
377 4076 453 4135 eludi
473 4076 635 4136 immixtum
657 4076 735 4136 foliis
756 4075 891 4136 secundis
913 4077 951 4136 ad
974 4077 1149 4136 ramulorum
1165 4077 1277 4151 apicem
1292 4077 1411 4136 falcatis
1425 4069 1559 4136 obseruari.

402 4163 542 4240 Hypnum
567 4165 753 4238 sodomorum
774 4165 941 4238 ιΙιιιιιιιιιιι,
963 4163 1057 4224 forma
1083 4163 1249 4235 luxurians,
1270 4165 1403 4240 gracilis,
1431 4164 1502 4223 olata
1520 4159 1557 4216 br·

312 4250 394 4326 jusce
416 4250 522 4324 speciei
545 4269 607 4312 esse
630 4251 752 4312 videtur.

642 4449 774 4536 Subgeu.
798 4449 829 4518 3.
873 4451 1112 4536 Harpidinm
1134 4451 1260 4522 Sonare.

402 4606 535 4674 Plantae
556 4624 634 4690 uage
656 4607 880 4686 decumbentes,
903 4607 1101 4676 ascendentes
1122 4609 1171 4675 uel
1193 4611 1322 4686 erectae,
1344 4605 1481 4674 radiculis
1499 4617 1555 4683 peu

315 4710 360 4774 nis
383 4711 432 4776 vel
454 4711 579 4776 omnino
600 4711 714 4789 nullis,
745 4730 835 4794 parce
862 4730 1021 4792 ramosae,
1052 4714 1231 4797 plerumque
1257 4707 1554 4796 pinnato-ramulosa
