3022 5230
524 305 664 383 nyssae
1163 321 1226 399 385

56 471 154 538 irus.
176 485 292 544 matur.
316 481 452 564 tempore
474 485 604 552 aestiuo.

56 582 180 650 Quamuis
206 590 329 650 maxime
360 593 495 663 uariam,
533 596 669 659 facillime
699 601 799 660 tamen
829 603 906 663 inter
936 608 1033 668 omnia
1063 627 1227 686 congenera

10 667 153 742 stinguitur.
197 672 331 734 Omnium
354 695 516 738 muscorum
537 683 763 758 vinigatissimus,
784 688 877 748 totius
899 694 994 752 terras
1017 696 1079 755 tam
1101 695 1227 772 frigidae

10 769 54 809 uun
73 757 253 819 calidissimae
277 762 383 834 incola,
406 764 498 824 solnm
521 770 632 827 montes
655 770 775 831 altiores
797 771 922 848 fugiens.

362 971 391 1025 5.
417 970 569 1031 romaum
590 976 818 1036 mieroatonua

382 1073 435 1130 Bu.
465 1078 495 1134 et
517 1077 583 1136 Scis.
610 1080 708 1154 Bryol.
736 1100 795 1140 eur.

52 1189 169 1256 Habitus
203 1195 242 1259 F.
265 1196 515 1282 bypromctriccc
544 1206 681 1272 minoris.
727 1209 815 1275 Folia
846 1213 977 1280 mmeba
1005 1215 1037 1280 in
1070 1237 1225 1302 gemmam

10 1291 151 1359 ominentia
195 1296 333 1379 Capsula
364 1301 397 1365 in
428 1305 576 1385 pediceilo
607 1310 755 1376 crassiore
783 1331 911 1394 superos
934 1319 1058 1384 arcuato
1080 1320 1223 1406 demissa,

10 1393 81 1473 ugido
97 1396 268 1479 piissimis,
292 1401 432 1483 solidior,
455 1405 603 1474 intensius
626 1411 725 1490 badia,
749 1415 914 1496 subnitida,
937 1417 1018 1486 sicca
1034 1422 1136 1490 mium
1151 1445 1223 1508 pro·

10 1494 56 1556 ude
74 1499 196 1576 sulcata,
219 1504 366 1584 operculo
389 1506 489 1572 multo
511 1509 626 1576 minore
649 1514 826 1580 mamiliani.
870 1517 1090 1589 Peristomium
1111 1527 1223 1607 minus,

10 1605 108 1664 llornum
127 1603 211 1669 valde
239 1606 468 1688 imperfectum.
514 1611 625 1694 Sporus
659 1616 764 1698 duplo
780 1616 845 1683 iere
876 1619 1022 1702 majmea,
1057 1622 1130 1701 3ιιοο
1148 1647 1222 1695 mm.

10 1697 57 1762 bn.
75 1704 231 1787 metientes,
254 1709 371 1791 laeves,
394 1713 602 1792 punctulatae.
646 1715 750 1800 Bryol.
774 1737 837 1784 eur.
859 1719 928 1786 Vol.
951 1721 1011 1801 ΠΙ,
1034 1725 1109 1791 Tab.
1133 1727 1207 1796 306.

11 1813 103 1884 'booron
123 1826 321 1892 micrcstoma
343 1831 402 1895 Βιι.
426 1833 459 1896 et
481 1831 553 1898 Scn.
576 1834 673 1918 Bryol
694 1853 758 1901 eur.
782 1836 804 1902 l.
826 1857 851 1906 c.
896 1839 930 1906 G.
952 1827 1086 1908 Mithrenis
1106 1844 1180 1928 Syn.

55 1939 145 2006 llobll.
171 1945 202 2010 in
223 1946 379 2030 glareosis
402 1950 536 2017 humidis
559 1955 591 2017 et
611 1953 645 2021 in
666 1955 792 2037 rupibus
815 1959 900 2023 terra
923 1977 1070 2041 qmraoaa
1093 1962 1224 2032 obtectis

14 2055 60 2104 uss
77 2045 282 2115 intermediae:
306 2051 346 2116 ad
367 2052 452 2118 amm
475 2054 730 2139 Spldpsnstrossc
752 2077 845 2141 prope
865 2062 992 2126 Arrdccr
1006 2063 1157 2132 Rhaetica
1171 2066 1223 2132 ubi

17 2156 35 2200 ι.
52 2143 143 2211 Bmus
162 2149 292 2230 deterit,
316 2154 414 2219 aerius
438 2174 505 2220 cum
529 2157 610 2222 beet.
633 2158 746 2224 Baucis
768 2162 807 2225 ad
830 2161 964 2228 rivulum
984 2163 1120 2232 Termino
1140 2169 1223 2234 retro

15 2239 71 2308 ’uris
89 2249 115 2312 iu
134 2252 265 2321 Rhaetia
290 2256 369 2340 legi,
398 2258 494 2326 etiam
521 2259 552 2322 in
580 2260 701 2342 rupium
731 2261 849 2328 fissuris
872 2264 1007 2331 humidis
1030 2268 1112 2333 socio
1136 2269 1223 2353 Bryo

17 2347 93 2412 *contulo
111 2371 195 2436 propo
217 2357 471 2424 Schwarenbacb
492 2380 534 2425 m.
560 2362 682 2426 Gemmc'
703 2363 821 2438 inveui;
845 2383 861 2431 s
882 2365 1030 2434 Neustria
1052 2388 1145 2452 prope
1161 2370 1223 2436 Fa-

19 2450 49 2512 r's
65 2453 158 2521 lectam
180 2459 229 2524 Da
252 2461 430 2527 Bnaeussou
461 2463 566 2541 misit,
598 2482 691 2546 prope
714 2466 873 2532 Sumam
896 2468 988 2534 vellis
1010 2471 1163 2556 Eapadc'n
1184 2475 1224 2542 ad

18 2569 53 2628 llb
71 2555 94 2618 fl.
114 2559 185 2624 Ocni
206 2562 246 2628 cl.
272 2563 574 2644 Hasnnscnwuuunn,
598 2586 644 2649 pr.
668 2569 824 2653 Βήρὴιοιι
845 2569 1018 2656 (Murrus),
1040 2574 1106 2640 loco
1127 2576 1224 2662 uligi-

19 2665 204 2732 carcinodes
237 2668 354 2735 ababa
385 2671 425 2734 de
454 2671 653 2754 i'Ar'lcfroidc
682 2672 949 2760 (Hostes-Alpes)
988 2677 1044 2742 alt.
1078 2678 1222 2746 1500111.

19 2757 118 2848 lusson).
603 2769 605 2774 ’

57 2867 286 2940 insumatur.
310 2877 350 2942 ad
373 2876 506 2942 aestatis
528 2875 630 2942 finem.

58 2993 140 3058 iidem
161 3019 178 3061 a
200 3000 235 3060 F.
258 3003 471 3080 bypromelrico
499 3003 577 3063 foliis
598 3004 715 3080 lougius
738 3005 922 3078 acuminatis,
954 3008 1075 3082 capsula
1096 3009 1223 3072 crassius

18 3075 137 3155 *besueta
157 3089 301 3161 solidiora,
324 3089 494 3160 subnitida,
513 3089 629 3164 juniora
652 3090 821 3152 lutsacente
836 3092 948 3152 seniore
971 3095 1104 3154 saturato
1125 3095 1223 3168 badia,

17 3177 50 3218 sa
66 3170 180 3232 subiaeui
200 3177 248 3235 uel
270 3175 403 3236 obsoleta
425 3175 548 3245 sulcata,
572 3174 706 3250 operculo
729 3176 821 3236 multo
842 3177 965 3249 minora,
988 3178 1156 3280 peristomio
1177 3179 1222 3238 in-

20 3261 54 3305 flu
71 3254 231 3329 inperfecto.

433 3433 836 3544 imbuam*
950 3467 952 3470 ’

390 3593 781 3695 brycceae.

56 3755 136 3824 Musei
156 3765 311 3846 acromrpi
333 3784 403 3830 raro
425 3763 626 3848 pleurocarpi,
649 3764 706 3830 sub
727 3765 801 3831 flore
826 3765 875 3832 uel
897 3785 914 3831 e
939 3763 1006 3832 basi
1030 3765 1220 3846 innovantes,

15 3855 56 3918 ruis
72 3867 158 3929 eructo
178 3867 312 3950 simplici
333 3869 382 3933 ucl
405 3868 651 3934 innovationibus
673 3866 789 3933 binatis
810 3868 869 3934 sub
890 3868 975 3950 apice
998 3869 1223 3952 egredientibus

15 3951 77 4024 tunes
89 3965 250 4035 dobotome
267 3973 298 4037 ct
313 3969 619 4054 fastigiato-ramosi,
635 3969 781 4036 radiculis
797 3967 927 4053 copiosis
942 3970 1025 4035 haud
1037 3989 1107 4036 raro
1122 3972 1223 4036 totum

15 4057 81 4127 lllrn
99 4067 297 4138 obruentibus.
335 4073 424 4139 Folia
445 4073 617 4156 plantaria,
639 4075 769 4152 costato,
793 4073 913 4155 saepius
935 4073 1074 4158 margine
1096 4075 1228 4140 dentata

15 4157 31 4218 n
48 4161 169 4250 iubata,
199 4175 415 4241 reticulatioue
448 4175 546 4241 totius
578 4174 712 4241 laminae
742 4175 1016 4258 perenchymatosa
1047 4175 1223 4258 subaequali

15 4259 32 4320 ll
47 4269 141 4348 apicem
155 4293 259 4344 sersus
276 4279 578 4362 proseucbymatosa,
600 4281 729 4360 unaque
751 4279 865 4362 pagina
885 4297 940 4360 pro
955 4297 1039 4344 more
1054 4277 1136 4345 laeui
1152 4296 1223 4344 raro

16 4367 88 4444 tiliis
106 4393 138 4439 cx
158 4381 327 4446 areolarum
349 4381 470 4464 angulis
493 4381 575 4446 uatis
597 4379 690 4446 buu.
734 4379 839 4446 Floras
861 4378 1089 4464 gemmiformes
1112 4379 1144 4444 et
1158 4379 1223 4443 dis·

15 4465 75 4536 ¹idei.
112 4477 250 4563 Calpptra
271 4483 440 4561 cucullata,
462 4482 572 4560 laeuis,
594 4501 649 4564 pro
670 4499 756 4547 more
778 4483 922 4566 angusta,
944 4481 1047 4566 lugan
1091 4479 1223 4560 Capsula

14 4563 44 4630 ΜΘ
56 4575 220 4664 silebere,
236 4585 373 4668 globosa
389 4583 669 4667 orata,cumc0110
684 4581 1069 4672 prisciniacensem,
1085 4578 1220 4664 plorum-

37 4675 261 4754 &manopera
282 4695 366 4748 uu.
1014 4682 1048 4740 25
