3022 5230
479 315 682 400 spissime.
1163 324 1225 402 365

22 500 289 586 ιιγΔιίαιιιιίαηιιι,
309 506 467 588 compacte
480 505 663 589 caespitum,
686 506 828 589 capsulae
846 505 972 591 majoris
995 508 1145 594 apophysi
1167 509 1226 575 mi-

78 622 155 684 nore,
184 605 335 689 breviore,
349 609 500 716 operculo
522 610 586 677 alte
608 628 750 677 convexo.
793 610 899 694 Brpol.
922 629 1024 694 europ.
1047 611 1124 679 Tab.
1151 611 1227 692 289,

80 709 136 793 lig.
158 709 206 777 23.

22 827 147 912 mosum
167 833 400 898 nanceianum
423 834 795 920 Scnwnnon.8upp1.11‚
820 837 856 906 Ρ.
879 839 921 918 ΙΙ,
944 839 968 903 t.
995 837 1067 905 178.

22 931 147 1013 wicum
162 939 367 1020 paradoxum
390 940 428 1004 R.
452 941 570 1006 Bnown
593 941 616 1006 1.
639 959 666 1006 c.

22 1032 55 1100 lp,
70 1043 83 1102 l
99 1038 263 1123 cerifolius,
297 1042 380 1109 foliis
404 1042 493 1109 valde
514 1043 656 1108 concavis
679 1043 867 1124 imbricatis,
891 1047 1015 1128 capsula
1036 1046 1227 1130 breui-pedi·

22 1143 355 1324 lplocffilristaarceclctum
377 1251 487 1316 Hnnw.
512 1251 556 1317 M.
577 1252 615 1317 fr.
639 1251 660 1316 l.
676 1269 702 1318 c.

65 1367 148 1433 noc.
168 1390 219 1453 per
240 1372 372 1456 Alpium
401 1374 559 1458 regionem
581 1375 765 1459 sylvaticam
788 1376 820 1440 et
842 1375 1086 1461 snbsylvaticam
1108 1375 1224 1442 Helve-

22 1469 58 1544 Μ,
74 1471 248 1554 flammise,
279 1475 482 1558 Snietomm,
516 1480 646 1544 maxime
668 1478 842 1560 sporadice,
873 1481 1027 1562 copiosius
1049 1498 1103 1562 per
1125 1482 1225 1546 totam

22 1573 142 1643 sunnam
163 1581 410 1648 scandinavicam
433 1582 484 1648 ubi
513 1586 543 1648 in
567 1583 704 1651 torlacea
723 1584 856 1668 regionis
879 1583 1032 1649 inferioris
1054 1583 1225 1649 descendit:

22 1693 47 1740 ee
62 1679 83 1742 in
96 1683 154 1764 llp.
175 1684 287 1752 helvct.
304 1705 400 1769 prope
417 1687 625 1773 Kaederstep,
648 1688 681 1752 in
705 1707 747 1753 m.
764 1688 890 1764 Altada,
913 1686 946 1752 in
961 1686 1032 1771 Alp.
1057 1687 1223 1772 salisburg.

22 1777 58 1843 olle
75 1781 125 1848 ooo
144 1786 343 1874 Pimgoviae‚
376 1789 408 1854 in
431 1790 599 1868 (tantuma,
629 1792 662 1856 in
685 1809 807 1857 sommo
830 1791 994 1876 Spoiorcclc
1016 1791 1227 1875 Salisburgiae

22 1881 78 1948 ient.
90 1891 145 1968 ete,
165 1911 280 1976 semper
304 1894 370 1960 lere
392 1894 585 1977 praecedenti
605 1895 793 1962 associatum
808 1895 887 1972 vidi;
909 1895 942 1959 in
957 1893 1130 1979 Norregiae
1146 1895 1227 1979 Alpe

22 1991 140 2074 termut
158 1997 205 2062 sat
227 1999 352 2090 copiose
375 1999 525 2081 provenit.
555 1999 593 2064 In
608 1999 772 2066 Britamia
795 2017 811 2064 e
834 1999 961 2064 turfosis
983 1999 1117 2083 regionis
1140 2019 1225 2066 cam·

22 2092 81 2155 osiris
93 2115 167 2180 nsque
180 2102 210 2166 in
225 2103 385 2186 regionem
400 2102 535 2185 alpinam
552 2102 702 2170 ascendit:
726 2103 760 2168 in
782 2101 939 2169 Woolctou
954 2102 1044 2169 Mosa
1065 2121 1111 2185 pr.
1134 2102 1227 2168 War-

22 2193 132 2274 inploret
150 2201 315 2270 Delcmere
339 2205 451 2271 Forest
482 2206 514 2272 in
539 2205 686 2273 Clueotire
719 2205 895 2291 (Wnson)‚
928 2207 960 2271 et
989 2205 1126 2290 pluribus
1148 2205 1225 2271 locis

22 2295 91 2376 dllllll
108 2308 294 2386 scoticarum
326 2309 360 2374 in
382 2309 529 2377 Hibernia
551 2331 598 2395 pr.
622 2311 749 2396 Bcntrp
771 2310 842 2396 (Da.
866 2311 1055 2395 Eunomus),
1079 2331 1123 2396 pr.
1150 2312 1224 2376 Bel·

22 2409 49 2464 os
63 2405 256 2498 ffilllltloll),
293 2433 340 2497 pr.
365 2414 521 2480 Brcndon
542 2416 575 2481 et
598 2415 828 2501 Lugnaquillic
850 2416 954 2482 comit.
985 2413 1131 2481 chlow
1153 2417 1225 2500 (Dr.

22 2499 106 2586 [milit
142 2515 169 2578 in
211 2517 356 2599 pluribus
393 2518 469 2583 locis
513 2537 700 2585 summarum
738 2518 940 2598 Sudetorum
986 2539 1032 2584 ex.
1070 2521 1137 2586 loco
1174 2522 1225 2585 dte

22 2605 179 2692 liletllrutou
208 2621 309 2706 (Com.
333 2621 391 2686 Fe.
414 2641 453 2686 nn
477 2621 768 2709 Sonus-Lanaeus).
814 2622 887 2689 Van.
911 2629 931 2702 β
965 2622 996 2687 in
1023 2623 1099 2690 locis
1122 2624 1226 2690 humi-

22 2715 108 2792 lliblsst
127 2741 184 2789 uer.
200 2728 299 2806 peto
321 2745 376 2810 per
399 2745 505 2793 aonam
529 2727 676 2793 creticam
693 2726 852 2792 Americao
874 2728 906 2792 et
922 2725 1025 2804 Asiae,
1048 2747 1077 2792 v.
1095 2728 1224 2793 <letiam

22 2813 167 2906 {Nonagiap
188 2849 227 2895 m.
245 2829 436 2896 Snoehrttiou
451 2831 531 2914 legi,
555 2829 587 2894 in
603 2829 622 2895 J
625 2828 811 2896 emtlandiae
826 2849 868 2895 m.
885 2829 1088 2915 snasauopon
1104 2831 1224 2915 (Hann-

22 2927 61 3004 u),
94 2925 195 3013 Magna
216 2934 307 3016 copia
330 2933 361 2998 in
385 2932 528 3000 Amorion
550 2933 665 2998 erotica
686 2933 846 3015 reperitur.

60 3025 146 3098 Fruct.
167 3046 282 3102 matur.
305 3039 436 3104 aestate.
481 3037 613 3102 Fructus
635 3037 727 3121 vulgo
750 3035 953 3120 copiosissimi
976 3037 1096 3103 adsunt.

60 3153 159 3220 larino
181 3164 342 3236 sanabilis,
365 3169 426 3223 tam
448 3165 618 3238 plantarum
641 3163 851 3238 magnitudine,
873 3181 961 3238 quam
983 3161 1117 3222 foliorum
1134 3163 1226 3224 forma

22 3252 59 3306 ll*
76 3249 195 3318 capsulae
217 3251 360 3326 pedicello
386 3253 452 3326 plus
478 3251 609 3308 minusve
639 3250 745 3326 longo,
775 3251 975 3325 apophysiqne
1001 3251 1068 3323 plus
1095 3251 1226 3310 minusve

22 3331 97 3397 ungala
116 3337 195 3409 utque
218 3341 407 3398 tumescente.
452 3337 615 3412 Speoimina
645 3353 762 3396 assesso
797 3337 826 3395 in
850 3336 1017 3412 Norregiae
1040 3339 1127 3412 Alpp.
1149 3337 1226 3397 lecta

22 3409 55 3500 lle
73 3417 109 3475 uir
129 3423 285 3494 trilinoari,
309 3426 502 3500 capsulaeque
525 3424 665 3498 pedicellc
689 3424 881 3498 aequilongo,
909 3425 968 3483 alia
991 3441 1006 3482 e
1029 3424 1226 3485 Groenlandie

22 3509 59 3554 esa
77 3507 145 3566 caule
166 3513 336 3587 semipedali
359 3512 537 3587 gaudentia;
571 3513 679 3571 formae
703 3510 841 3570 normalis
864 3511 957 3569 caulis
980 3513 1014 3569 nt
1036 3513 1065 3570 et
1088 3513 1225 3585 capsulae

22 3579 113 3649 iiollns
134 3599 214 3657 uncia
236 3616 303 3658 raro
326 3599 472 3674 longiores
496 3599 632 3656 evadunt.
662 3597 747 3657 Locis
771 3597 913 3657 umbrosis
929 3598 1140 3659 humidioribus
1156 3598 1226 3659 folia

22 3671 109 3743 lillis.
128 3687 294 3758 angustiora
318 3687 503 3745 subfleruosa
525 3685 724 3759 reperiuntur,
755 3684 839 3743 siccis
862 3684 969 3758 apricis
993 3687 1095 3745 contra
1117 3685 1225 3745 latiora

22 3753 126 3824 olannus
148 3785 273 3832 concava
295 3776 326 3830 ot
349 3771 662 3832 snbcochleariformia.

322 3981 352 4038 8.
383 3981 618 4050 satraplodon
641 3979 852 4037 urceolatas.

303 4103 357 4160 Ba.
373 4105 402 4161 et
418 4103 485 4161 Son.
508 4101 606 4177 Bryol.
623 4119 682 4160 cur.
697 4117 751 4160 neo
766 4101 868 4159 Hsnw.

60 4233 201 4324 compacte
222 4249 600 4334 pulvinato-caespitosus‚
623 4249 772 4332 caespites
796 4247 895 4330 solidi,
918 4247 1115 4331 superficies
1141 4249 1225 4317 luteo

22 4331 88 4420 ile,
107 4344 181 4414 intas
202 4354 315 4436 pallide
338 4355 413 4421 fusci
436 4356 575 4422 tomento
598 4355 692 4421 denso
708 4353 775 4419 rulo
790 4353 960 4419 intertenti.
991 4353 1079 4418 Folia
1093 4353 1225 4419 tumido·

22 4435 129 4528 linoae,
150 4455 437 4544 onerato-oblonga,
460 4457 795 4535 subcochleeriformia,
817 4455 1120 4534 flexuoso-subulam,
1144 4457 1225 4522 inte·

22 4542 106 4628 mim,
126 4559 207 4624 costa
228 4565 413 4645 perangusta
436 4563 492 4628 sub
507 4562 593 4645 apice
608 4560 754 4637 evanida3
777 4560 837 4625 reti
857 4559 1043 4644 angustiore,
1066 4556 1224 4635 validiore,

22 4652 143 4736 tangulp
184 4661 286 4730 Flores
310 4668 439 4734 masculi
460 4667 493 4732 in
516 4665 610 4732 ramis
633 4663 788 4750 primariis
811 4663 1009 4746 terminales,
1039 4660 1163 4729 tandem
1185 4661 1224 4732 cd
