3054 5238
509 315 697 374 naum

391 517 572 586 cryphaea
593 518 828 578 hstes-omelia.

311 639 445 699 Nochera
469 640 661 701 heteromalla
682 641 786 700 Hanw.
809 643 847 700 lh
871 639 922 700 ir!

71 764 166 830 Caulis
198 768 362 848 primarius
393 788 500 852 repens
523 769 864 854 pinnato-remulcens,
895 773 974 838 rami
1004 773 1120 840 fertiles
1153 776 1244 841 erect'

16 886 71 933 arce
91 871 241 937 ramulosi.
287 873 375 939 Polla
398 877 500 954 ovata,
524 876 711 956 acuminata,
738 875 948 962 integerrima,
971 879 1081 956 laevia,
1104 897 1247 957 concava,

16 975 114 1056 nargine
127 975 243 1056 reflexa,
265 981 351 1045 costa
373 979 454 1045 inira
477 981 594 1063 apicem
617 982 755 1060 evanida,
778 981 906 1047 humide
928 983 1045 1064 patula,
1069 983 1149 1049 sicca
1164 985 1247 1049 arcte

16 1075 144 1156 abricata
166 1080 345 1148 lutescenti-
361 1085 392 1147 et
408 1083 628 1162 lusco-viridia,
652 1085 711 1149 reti
733 1086 851 1150 minute
866 1086 958 1162 oveli,
981 1086 1063 1151 basis
1078 1087 1178 1153 medio
1193 1087 1248 1151 oh·

16 1197 89 1262 rugo,
119 1185 225 1250 areolis
255 1187 437 1270 angulorum
469 1189 595 1270 pulchre
622 1189 744 1271 oblique
774 1187 898 1255 seriatis
922 1189 1071 1256 ovalihus.
1117 1189 1247 1254 Fructus

16 1283 181 1364 opiosiseimi,
204 1287 297 1355 dense
319 1290 471 1367 conferti,
494 1291 692 1368 homomalli3
723 1292 797 1357 lolia
821 1292 1050 1374 porichaetialia
1072 1292 1164 1358 dense
1187 1293 1247 1358 im·

17 1389 103 1464 nean,
124 1392 420 1469 submemhrauaoca,
443 1397 549 1461 ovato-
572 1397 604 1460 et
621 1396 962 1480 elongato-lanceolata,
986 1396 1176 1472 subsulcata,
1198 1397 1247 1460 in·

16 1489 157 1558 inamata
179 1495 352 1561 incrassata
374 1516 410 1561 ex
432 1499 516 1579 apice
537 1499 703 1564 rotundato
718 1499 879 1564 excedente
895 1499 1153 1581 rulo-cuspidem,
1176 1519 1247 1584 eap-

16 1595 53 1658 ula
71 1600 315 1684 ovalo-oblonga,
338 1602 502 1680 lutesceus,
526 1604 629 1668 aetate
651 1602 764 1668 rufula.
796 1602 974 1668 Peristomii
998 1621 1158 1685 processus
1174 1604 1246 1669 deu-

16 1697 65 1761 lbus
89 1700 289 1769 albicantibus
321 1704 568 1788 subaequilongi,
600 1705 704 1771 albidi.
750 1705 863 1788 Sporae
891 1707 1011 1785 bracae,
1048 1708 1247 1788 puuctulatae

16 1823 58 1866 ooo
73 1823 137 1869 mm.
160 1825 294 1872 crassae.
340 1808 444 1892 Bryol.
469 1827 531 1873 eur.
555 1807 623 1874 Vol.
641 1809 678 1888 V,
701 1809 776 1875 Tah.
799 1808 873 1876 438.

16 1921 151 2007 blaesum
180 1927 437 2005 heteromallum,
473 1929 716 2012 polycephalum.
762 1929 850 1994 Dran.
882 1928 966 1995 Hist.
998 1929 1096 1995 Musa.
1121 1949 1150 2012 p.
1172 1929 1247 2009 248,

16 2029 362 2218 φὴαφὲαιίἳάξὶὲωω,
385 2155 558 2214 ramosum,
583 2155 705 2220 repens,
728 2136 865 2204 authoris
889 2136 1028 2203 secundis
1051 2137 1243 2204 lateralibus.

83 2239 164 2306 lma.
188 2242 279 2326 Spec.
302 2243 349 2308 Pl.
374 2263 405 2326 p.
430 2244 523 2310 1570.

16 2337 113 2406 lacteo
140 2345 340 2410 mornado
373 2347 488 2412 fleon:
518 2347 617 2414 Maec.
645 2345 743 2412 hond.
788 2346 972 2413 Sonwauan.
997 2346 1101 2430 snppl.
1146 2346 1245 2413 Sana

16 2445 345 2640 imagigicessgiiaotlo
368 2554 468 2620 Hoou.
501 2555 532 2620 et
553 2554 650 2619 Para.
680 2553 778 2620 Musc.
811 2553 890 2620 Brit.
936 2553 984 2618 Da
1006 2552 1144 2622 Nomen
1167 2555 1245 2640 Syll.

17 2655 372 2838 typhitecsspilcteromotla
409 2761 507 2828 Mona
538 2761 666 2828 Observ.
693 2762 758 2827 bot.
803 2761 893 2827 Bam.
921 2761 1025 2845 Bryol.
1055 2762 1138 2828 univ.
1184 2764 1240 2828 Be.

17 2957 19 2964 ,
81 2863 109 2926 et
130 2861 200 2929 Sca.
224 2864 332 2947 Bryol.
353 2884 415 2931 eur.
461 2864 592 2933 Wmsou
614 2867 719 2950 Bryol.
743 2865 821 2930 Brit.

20 2971 270 3053 cerquariis,
291 2971 378 3035 caule
400 2970 548 3055 longiore,
569 2971 652 3037 foliis
674 2971 837 3036 latioribus
860 2971 962 3036 minus
978 2974 1068 3037 acute
1083 2971 1243 3036 acumina·

82 3073 126 3142 tis,
149 3074 290 3160 margins
311 3076 361 3140 vix
384 3075 513 3150 reflexis,
536 3072 782 3153 atro-viridibus,
805 3073 929 3156 capsula
952 3074 1098 3140 breviore.

17 3171 123 3238 l‹xllerro'o
145 3178 316 3264 Irrmyano
338 3179 442 3244 Mona.
468 3179 549 3244 Anu.
572 3178 601 3242 d.
625 3175 672 3242 Sc.
696 3180 760 3242 nat.
784 3177 847 3243 Ser.
872 3177 903 3255 2,
927 3177 995 3243 Vol.
1020 3176 1073 3241 VI.

65 3293 162 3360 Habit.
185 3299 224 3364 ad
249 3277 375 3364 truncos
397 3299 541 3364 arborum
563 3297 793 3380 campestrium,
816 3298 978 3378 praecipue
1000 3296 1124 3377 Populi,
1147 3295 1244 3372 Ulmi,

18 3391 82 3472 ΜΕ,
110 3419 160 3482 per
182 3405 287 3468 totam
309 3401 463 3484 Europam
486 3401 716 3468 meridionalem
739 3401 878 3483 copiosa,
903 3419 973 3466 rara
995 3401 1026 3464 in
1050 3418 1126 3465 zona
1148 3399 1244 3466 inter·

18 3497 74 3563 :adia
93 3505 179 3586 atque
202 3507 234 3570 in
260 3505 369 3571 insulis
392 3505 597 3572 Britannicis:
620 3504 812 3570 abundanter
833 3505 896 3589 legi
917 3504 1060 3570 initalia
1080 3504 1244 3587 superiore,

18 3617 36 3662 u
55 3607 140 3674 biam
164 3609 305 3678 Galliam
338 3609 568 3676 meridionalem
597 3609 629 3674 et
650 3627 800 3690 nusquam
824 3607 983 3689 pulchrius
1004 3626 1097 3689 quam
1122 3608 1154 3674 in
1176 3627 1245 3674 am·

18 3705 103 3774 llarris
125 3715 161 3779 ad
186 3715 388 3798 Bayonnam,
420 3715 459 3779 ad
481 3713 615 3796 Populos
638 3730 725 3778 secus
748 3711 814 3778 vias
837 3711 976 3795 publicas
1000 3728 1093 3792 prope
1117 3711 1190 3776 Pae
1213 3716 1246 3778 et

18 3815 30 3870 t
49 3811 129 3880 Seuer
151 3817 356 3900 Aquitaniae,
390 3819 440 3884 sat
463 3819 584 3899 copiose
614 3834 706 3901 propo
728 3815 868 3882 Parisios
890 3816 922 3880 et
944 3833 1036 3897 prope
1058 3815 1244 3900 Lugdunum

18 3918 164 3996 aurorum,
187 3941 284 4005 prope
307 3923 474 4006 hipontum
496 3920 585 3987 valde
607 3921 785 4004 eporediee,
808 3937 900 4002 propo
924 3919 1094 3984 Grieebaclr
1119 3918 1246 4004 Sylvac·

19 4035 81 4087 erae
99 4023 197 4110 (ipse),
221 4025 255 4090 in
278 4044 346 4091 arce
368 4023 607 4108 heidelbergensi
631 4024 775 4107 (Henna),
798 4041 843 4104 pr.
861 4021 1043 4106 Prihurgum
1066 4023 1245 4106 Briegoviae

19 4123 31 4184 Γ.
51 4125 84 4190 H.
105 4146 142 4192 na
163 4128 462 4213 Sonus-muman),
496 4148 542 4211 pr.
577 4128 669 4193 Boeo
702 4127 894 4212 (Deunsun),
927 4125 958 4190 in
982 4124 1176 4207 Westpbalia
1199 4143 1244 4206 pr.

19 4225 129 4314 lundors
146 4233 354 4316 (Wranraur)
374 4234 407 4298 et
428 4252 474 4315 pr.
492 4231 666 4297 Bralrwede
687 4229 897 4314 (humanust
920 4227 1056 4313 vulgaris
1078 4227 1192 4292 dicitur
1215 4227 1245 4291 iu
1359 4229 1364 4240 ’

20 4339 160 4404 ornamia
181 4339 213 4404 et
237 4337 268 4403 in
293 4336 493 4413 Nserlandia;
526 4355 588 4402 var.
611 4341 632 4415 β
654 4336 686 4400 in
708 4336 852 4401 arborum
876 4333 1030 4400 radicibus
1053 4329 1175 4412 saepius
1198 4329 1246 4394 in-

19 4435 97 4505 rdetis
117 4441 154 4507 ad
176 4441 307 4508 fluvium
336 4439 450 4506 Vaccae
473 4460 565 4524 prope
588 4439 732 4524 Limogee
754 4439 890 4522 (haur),
924 4435 1000 4502 loeis
1030 4432 1184 4500 similibus
1208 4432 1246 4498 ad

19 4557 88 4606 men
108 4543 193 4610 Dore
216 4544 371 4610 novenae
392 4545 500 4629 (rever.
523 4542 652 4626 Pocae).

65 4647 164 4716 lina.
188 4657 306 4716 motor.
330 4646 426 4731 Majo,
448 4647 552 4715 Juuio.

37 4755 152 4812 mann,
165 4761 281 4814 amma.
301 4761 345 4804 aa
354 4761 388 4804 m
1039 4737 1074 4796 8⁶
