3128 5254
558 341 726 412 11er-
1216 342 1279 410 789

33 519 189 603 praeprimis
219 517 488 603 septentrionalis:
519 517 551 582 iu
573 515 730 600 Lapponia
764 517 881 599 primus
903 517 1129 582 Waununsnau
1155 517 1281 596 deterit,

32 624 120 689 debinc
147 624 219 690 locis
249 625 417 690 innumeris
446 643 500 707 per
521 624 620 688 totam
643 621 875 688 scandinaviam
899 623 1071 688 montosam
1094 624 1125 688 et
1146 623 1281 706 alpinam

30 727 215 808 observatum,
237 727 303 810 ipse
325 729 443 811 copiose
465 729 497 793 et
518 725 643 809 pulchro
656 726 844 792 fructificans
859 727 898 794 ad
912 729 1019 813 pedem
1036 747 1076 793 m.
1094 727 1282 793 Snecbddoa

30 831 181 915 llorvegiae
202 831 283 916 legi3
317 832 453 914 pluribus
481 831 557 896 locis
588 830 620 895 in
642 829 886 897 Cambrovalliae
913 833 945 897 et
966 830 1090 898 Scotino
1111 831 1282 914 subalpinis

28 934 91 1010 vidi;
119 935 149 1000 in
171 935 252 1018 Alpe
274 936 340 1000 Bea
364 935 444 1001 Ledi
467 934 657 1000 buctifcrnm
689 934 775 1014 (Mac
797 935 954 1020 Kmmv);
985 936 1017 1000 in
1044 935 1192 1001 Hibernia
1215 935 1281 1017 (Dr.

27 1039 149 1124 llooau);
179 1039 212 1105 in
244 1041 311 1107 toto
338 1039 413 1124 jugo
435 1039 561 1122 Alpium
589 1039 861 1119 continentalium,
892 1039 974 1106 altit.
1001 1039 1281 1124 1500-2000m,

25 1141 162 1208 radssime
184 1145 289 1210 tamen
311 1143 430 1221 fertile;
462 1144 536 1210 clar.
560 1144 720 1208 Burmann
742 1162 812 1208 cum
835 1143 984 1210 fructibus
1006 1145 1039 1210 in
1062 1144 1218 1227 paludosis
1241 1143 1281 1210 ad

25 1247 148 1312 Gmtlsee
169 1267 220 1331 pr,
237 1248 375 1314 &luder
397 1247 518 1331 Styriae
551 1249 582 1312 et
610 1246 747 1329 pluribus
770 1246 840 1313 aliis
862 1247 938 1315 loeis
960 1248 1082 1330 copiose
1105 1248 1210 1316 sterile
1232 1247 1281 1313 in·

22 1352 102 1430 venit,
124 1353 161 1418 ad
177 1352 358 1419 Sndetorum
382 1352 610 1434 Wutsswusscr,
632 1352 731 1417 letoius
750 1353 842 1418 Teicb
864 1371 891 1418 a.
907 1372 935 1418 a.
951 1353 973 1418 l.
990 1352 1202 1439 (Suuuuuune.
1216 1353 1280 1436 al),

22 1455 64 1518 sed
84 1473 199 1539 semper
221 1455 370 1523 fructibus
392 1473 508 1521 carena

94 1559 202 1626 Fruct.
224 1567 340 1624 matur.
364 1561 493 1625 aestate.

93 1689 204 1750 Habitu
227 1690 353 1750 medium
374 1691 457 1749 tenet
479 1690 555 1748 inter
577 1689 685 1749 formas
699 1689 825 1750 minores
840 1691 1041 1765 praecedentis
1057 1693 1145 1765 atque
1160 1691 1200 1750 H.
1216 1711 1281 1752 cus

14 1777 153 1854 pidolam,
177 1777 256 1838 foliis
279 1776 570 1855 elongato-cllipticis
592 1777 812 1852 angustioribus
834 1778 962 1838 brevitor
984 1777 1139 1853 spiculatis
1161 1780 1207 1839 vel
1229 1782 1280 1840 ob·

17 1863 80 1922 tusis
109 1865 405 1939 purpurascentibns,
432 1864 568 1939 capsulas
599 1863 718 1923 minoris
751 1865 886 1939 operculo
909 1868 993 1924 acuite
1017 1865 1163 1940 apiculato
1186 1867 1279 1941 primo

16 1949 69 2008 visu
90 1952 343 2028 distinguendum
366 1951 474 2026 frigida
497 1952 585 2021 amat,
608 1951 736 2010 mitioria
758 1951 845 2027 sugit.

388 2161 441 2217 ¹10.
472 2159 640 2229 Hypnum
663 2160 893 2228 ousprdaoum.

480 2282 582 2342 brou.
606 2283 654 2357 Sp.
677 2280 775 2340 Plant.

86 2430 169 2497 Lare
192 2429 509 2513 alato-caespitosnm3
541 2430 690 2513 caespites
721 2429 1087 2498 latescentistramineo-
1108 2429 1158 2496 vol
1179 2429 1279 2496 urias-

14 2534 231 2614 reuti-viridos,
254 2534 456 2618 rigidiusculi.
503 2535 607 2600 dadis
630 2534 846 2610 eradiculosns,
869 2533 1012 2600 bifariam
1035 2552 1183 2612 ramosus,
1206 2552 1278 2598 oon·

14 2636 101 2702 lortim
125 2638 456 2721 pinnato-ramulosue,
478 2639 615 2720 apicibus
637 2657 795 2704 ramorum
816 2640 849 2703 et
863 2637 1052 2703 ramulorum
1067 2636 1278 2703 convolutione
1404 2671 1408 2678 ·

14 2741 140 2808 bliorum
163 2743 329 2826 apicalium
352 2743 520 2826 cuspidatis
543 2743 662 2828 rigidis.
693 2742 781 2809 Folia
803 2742 949 2820 conferta,
971 2740 1231 2823 erecto-patentia
1245 2743 1278 2807 et

14 2847 146 2926 inantia,
170 2847 236 2913 lato
259 2847 499 2930 ovato-oblonga
521 2848 631 2913 obtusa
653 2867 705 2912 sou
726 2847 838 2912 leniter
860 2845 1044 2923 acuminata,
1065 2843 1130 2912 late
1145 2863 1277 2912 concava

14 2949 54 3015 dis
75 2953 199 3035 apicem
221 2969 327 3016 versus
349 2950 418 3033 plus
441 2951 542 3016 minus
564 2949 717 3028 monrvis,
750 2950 836 3015 costa
866 2950 997 3033 gemella
1023 2948 1107 3014 brevi
1130 2947 1277 3028 obsoleta,

14 3056 52 3120 cti
74 3055 311 3142 augustissimo,
334 3055 372 3121 ad
394 3055 521 3139 angulos
537 3055 731 3120 decurrentes
753 3053 860 3118 subtus
877 3055 1038 3118 excavatus
1053 3052 1278 3134 dilatato-qua·

14 3163 81 3226 bato
104 3159 244 3244 hyalino.
289 3158 513 3226 Perichactium
545 3157 575 3222 in
605 3159 724 3223 ramulo
754 3157 892 3240 perbrevi
926 3154 1116 3228 eradiculoso
1138 3154 1275 3239 longina,

14 3265 74 3330 aliis
97 3264 250 3348 probando
280 3262 426 3343 sulcatis,
459 3264 594 3328 tenuiter
624 3261 803 3339 timebatis,
837 3261 952 3328 sensim
980 3259 1274 3326 tonui-aonminatis.

14 3367 147 3452 laginula
171 3369 373 3452 longissima,
395 3368 602 3452 cylindracca,
636 3387 724 3450 parce
747 3365 854 3448 pilosa.
900 3364 1033 3447 Capsula
1055 3364 1118 3430 alte
1141 3365 1274 3446 pediocl-

14 3473 74 3550 ata,
95 3495 113 3539 e
136 3473 220 3539 collo
242 3474 326 3538 recto
350 3471 562 3550 tormentalis,
595 3470 945 3553 subarcuatooblnnga,
979 3468 1168 3552 maiuscula,
1190 3469 1274 3535 rulo-

15 3595 138 3654 ruunea,
163 3576 307 3658 operculo
321 3575 583 3651 convexo-conico,
605 3574 717 3640 annulo
733 3574 798 3638 lato
813 3571 969 3638 trisoriato
985 3571 1154 3639 revolubili.
1185 3571 1275 3638 Peri·

14 3681 92 3746 tomii
115 3677 226 3764 magni
249 3679 355 3744 dentes
377 3679 502 3762 pulchre
517 3676 662 3756 aurentii,
684 3677 767 3742 intus
783 3677 913 3760 auguste
928 3675 1089 3752 lamellati,
1111 3674 1196 3759 apice
1210 3695 1274 3742 ser-

14 3794 57 3848 ato
80 3783 421 3870 hyalino-marginato,
444 3801 603 3866 processus
627 3783 756 3864 augusto
779 3781 906 3864 pertusi,
929 3779 1002 3846 cilia
1025 3782 1147 3846 tornata
1168 3781 1272 3866 longa.

14 3889 93 3970 lrpol.
118 3907 188 3954 eur.
212 3886 281 3953 Vol.
305 3885 459 3964 Vlilab.
483 3885 558 3954 619.

14 4007 147 4094 lypaum
179 4007 318 4092 palustre
347 4007 594 4074 extremitatibus
624 4006 791 4090 cuspidatis
823 4008 855 4072 et
882 4007 1097 4091 pungentibus.
1141 4007 1272 4074 Dmnnu.

95 4112 186 4178 llist
208 4110 307 4177 Musc.
331 4129 360 4193 p.
385 4109 506 4190 300„t.
530 4109 583 4189 39,
606 4108 696 4178 tal.

14 4233 145 4320 lypnum
186 4235 388 4318 auspicatum
425 4233 516 4298 brun.
550 4232 602 4316 Sp.
632 4233 736 4298 Plant.
780 4231 892 4296 Huuw.
922 4230 1008 4314 Spcc.
1038 4232 1135 4298 Musa.
1179 4232 1270 4304 Bam.

96 4339 275 4422 (Stereod.)
306 4336 410 4420 Bryol.
441 4336 524 4402 univ.
570 4337 618 4401 Du
640 4335 779 4402 Nouanus
812 4335 892 4418 Epil.
937 4336 1061 4402 Hauon.
1086 4336 1198 4402 Skand.
1221 4337 1270 4403 ul.

93 4444 155 4508 Ba.
181 4443 215 4506 et
238 4440 310 4508 scu.
335 4440 439 4526 Bryol.
463 4460 526 4507 eur.
558 4439 738 4505 illituum
752 4439 879 4524 synope.
910 4439 1040 4506 Wrusorv
1062 4440 1167 4524 Bryol.
1191 4441 1270 4508 Brit.

16 4585 59 4629 ar.
82 4573 103 4644 β
123 4585 277 4652 pauperos
299 4563 385 4629 caule
407 4563 594 4646 ramulisque
616 4561 796 4647 fragilibus,
830 4563 958 4628 ramulis
981 4561 1154 4642 circimtis,
1185 4563 1269 4630 loliis

93 4668 258 4750 consutis,
280 4665 411 4735 caulinis
434 4666 606 4735 imbricatis
628 4667 730 4733 minus
751 4666 999 4746 decurrentibus,
1021 4665 1180 4732 ramulinis
1202 4686 1269 4735 om·
