4862 5360
975 293 1173 352 ermaricus
1645 293 1709 364 aru

527 480 777 540 Distinctiauimnm
806 479 891 540 caule
913 480 1120 554 procumbente
1143 477 1228 537 valde
1250 476 1378 537 dornoso
1400 475 1711 550 iasciuulato-ramoso,

464 567 556 626 emulis
579 569 712 627 breuibus
733 567 908 626 lateralibus
930 567 1056 636 nodoso,
1079 565 1157 626 loliis
1179 565 1297 640 epilosis
1320 565 1436 624 muticis
1465 566 1550 624 raldo
1572 565 1712 638 conatis,

465 655 565 726 apsnlis
586 655 700 714 breuius
729 655 914 728 crassiusque
938 653 1132 727 pedioellatis,
1164 652 1381 724 crassiusculis,
1413 652 1523 724 solidis,
1545 655 1644 712 aetate
1667 653 1712 713 ui·

464 741 625 800 :meantibus

529 829 644 887 Plantae
662 827 893 886 1-6·unciales
909 827 1093 900 proueniunt,
1116 825 1382 901 squalido-uirides,
1397 827 1514 886 omniuo
1529 825 1713 903 ferrugineas

464 926 480 968 -ι
501 915 526 972 in
544 917 610 974 locis
632 914 833 991 frigidioribus
856 914 965 972 niuosis
986 915 1184 988 nigricantes,
1218 929 1293 972 nnnc
1318 913 1545 989 gracilesoeutes
1567 931 1645 974 nuno
1667 931 1714 974 ro-

464 1003 544 1060 tuetae
565 1003 736 1078 densiusque
759 1001 1055 1061 nodoso-ramulosae.

772 1179 802 1236 8.
833 1174 1084 1234 Bacomltrium
1105 1176 1369 1246 mlorooarpum.

884 1299 987 1358 Hnnw.
1009 1317 1044 1358 er
1066 1301 1151 1374 parte
1174 1298 1265 1358 uum.

530 1429 680 1514 tespites
713 1429 828 1512 pallide
857 1431 906 1496 vel
936 1429 1166 1510 luteo-viridas,
1203 1429 1314 1497 leuiter
1349 1429 1555 1495 muesoeutes.
1599 1428 1715 1496 Planta

464 1533 634 1612 uaeoedeute
666 1535 833 1620 gracilior,
865 1537 902 1600 ut
932 1553 968 1602 ea
998 1535 1292 1602 nodoso-ramulosa
1335 1533 1545 1599 ramlense
1566 1532 1714 1611 conferta,

464 1638 560 1716 atala,
583 1639 725 1721 uarioque
747 1639 837 1704 modo
860 1639 989 1705 curuata
1012 1639 1061 1704 vel
1083 1639 1283 1716 subsecanda,
1305 1638 1336 1702 in
1358 1655 1487 1704 acumen
1508 1635 1714 1702 lanceolatnm

464 1739 598 1806 lentatum
619 1761 729 1807 canum
751 1741 908 1820 exeuntia,
931 1742 990 1808 reti
1013 1741 1112 1807 totius
1141 1741 1275 1807 laminae
1305 1739 1589 1806 modulose-lineari.
1634 1737 1715 1821 (lap-

464 1843 513 1908 ula
533 1845 737 1928 cylindracea,
759 1844 908 1928 elliptica,
931 1846 1121 1924 subohvata,
1144 1845 1258 1923 mollis,
1279 1865 1297 1910 e
1319 1845 1399 1910 llaro
1421 1843 1604 1919 mscesoens,
1626 1861 1715 1925 opar-

464 1948 506 2011 ‘uli
539 1953 635 2014 rostro
671 1949 830 2028 breuiore,
869 1950 1048 2032 peristomio
1085 1949 1303 2033 praecedentis.
1348 1949 1453 2034 Bryol.
1475 1967 1540 2014 eur.
1563 1947 1634 2014 Vol.
1655 1948 1714 2029 III,

464 2049 520 2115 lab.
541 2051 611 2116 268.

464 2173 688 2238 Trirtoatoraam
725 2177 960 2260 microcarpum
995 2175 1086 2241 Fures
1115 2177 1186 2241 Bot.
1218 2175 1327 2242 Tasoh.
1361 2175 1416 2240 Nr.
1439 2173 1491 2240 26.
1536 2174 1643 2240 Horra
1679 2169 1714 2236 iu

548 2279 655 2344 Sruaur
684 2279 842 2346 Deutsclnl.
867 2280 914 2346 ll.
937 2284 1035 2364 crypt.
1060 2280 1132 2346 fasc.
1156 2282 1187 2358 7,
1209 2279 1266 2344 Nr.
1282 2281 1313 2345 5.
1359 2279 1536 2344 winusus.
1559 2277 1607 2344 Fi.
1629 2277 1714 2359 lapp.

464 2381 667 2448 lmomtrriam
689 2388 924 2470 microcarpum
955 2386 1045 2450 Baro.
1080 2383 1187 2468 Bryol.
1219 2383 1304 2449 univ.
1333 2385 1384 2466 (ex
1405 2384 1459 2469 p).
1504 2382 1562 2448 Bu.
1585 2382 1618 2448 ut
1639 2379 1713 2447 Suu.

547 2487 649 2572 Bryol.
666 2508 729 2554 eur.
760 2490 887 2555 Huaru.
904 2487 1017 2556 Skaud.
1032 2489 1079 2556 ll.
1109 2488 1242 2555 Wrusorr
1256 2488 1363 2571 Bryol.
1378 2487 1458 2552 Brit.
1497 2487 1545 2552 Dr
1559 2486 1639 2552 Nor.
1655 2484 1713 2567 Ep.

529 2608 632 2674 Hubit.
656 2611 695 2675 ad
719 2629 794 2676 sara
815 2612 848 2676 et
869 2629 960 2693 rupes
983 2610 1064 2676 sicca
1086 2609 1219 2694 regionis
1243 2609 1421 2691 subalpinae
1437 2607 1604 2692 sylvaticae
1619 2623 1713 2671 conae

467 2713 645 2790 utermediae,
668 2715 852 2796 campestris
874 2733 967 2780 zonae
990 2714 1257 2797 septentrionalis:
1286 2713 1409 2798 pulchre
1431 2713 1573 2797 prouenit
1594 2711 1628 2776 in
1650 2710 1714 2795 syl·

464 2813 546 2880 rullus
568 2817 768 2883 Hosti-Tbul
790 2821 823 2884 et
844 2819 938 2885 vallis
960 2818 1070 2885 Dooos
1091 2819 1273 2898 Heluetiae,
1304 2817 1338 2882 in
1359 2817 1510 2885 Gastunia
1543 2815 1713 2899 salisburg.

464 2917 535 2994 uter,
553 2921 586 2985 iu
609 2921 735 3004 Tyrolis
759 2923 893 2988 vallibus
917 2924 974 2989 etc.
997 2923 1029 2987 in
1052 2922 1321 3005 Monte-plniler03
1344 2920 1553 3004 copiosissime
1574 2917 1638 2985 viui
1659 2937 1713 3002 par

464 3019 624 3110 l'orregiam
648 3026 878 3092 meridionalem
900 3029 932 3092 et
953 3027 1135 3109 praeprimis
1156 3045 1210 3109 per
1226 3027 1328 3091 totam
1345 3023 1595 3102 Wermlandiam,
1618 3021 1714 3088 Dala-

464 3125 572 3208 arliam,
596 3129 797 3230 Uplandiam,
820 3129 1021 3207 (lectricium
1044 3131 1143 3196 rarius
1166 3129 1198 3196 in
1219 3129 1351 3212 Alpibus
1374 3126 1635 3195 meridionalibus.

527 3235 634 3300 Fruar-t.
658 3243 776 3300 matur.
800 3237 973 3302 auctumno.

527 3346 720 3406 Praecedenti
743 3347 844 3420 simile
864 3346 1005 3423 gracilius
1027 3348 1135 3418 tamen,
1158 3345 1253 3405 minus
1269 3345 1447 3422 elongatum,
1468 3341 1587 3403 densius
1601 3343 1714 3418 caespi-

464 3441 542 3494 umm.
561 3435 640 3493 laete
657 3434 704 3494 uel
727 3453 742 3494 e
764 3435 922 3495 latescente
945 3433 1050 3506 uiride;
1072 3432 1142 3494 folia
1163 3434 1195 3493 in
1217 3431 1309 3508 pilum
1332 3433 1448 3493 breuem
1470 3429 1621 3502 exeuntia;
1643 3447 1713 3506 oap-

464 3515 507 3574 ¹aula
526 3521 647 3596 longior,
669 3521 995 3582 tonui-membranacea.
1039 3521 1075 3579 ln
1097 3520 1168 3580 locis
1190 3519 1275 3579 siccis
1297 3537 1349 3580 nec
1371 3521 1402 3579 in
1420 3517 1554 3594 irrigatis
1569 3517 1712 3592 prouenit,

464 3599 605 3682 mumque.
629 3609 799 3680 anctumno,
830 3625 888 3670 non
911 3625 990 3679 rere,
1018 3609 1050 3666 ut
1079 3608 1270 3678 antecedens,
1297 3609 1435 3668 maturat.
1479 3603 1565 3665 AB.
1586 3606 1713 3665 arcaea

464 3705 508 3750 un
527 3712 581 3770 quo
604 3695 640 3754 cl.
664 3697 694 3755 O.
718 3696 842 3756 Munius
863 3693 1025 3766 confundit,
1047 3696 1110 3755 toto
1133 3695 1211 3757 coelo
1234 3693 1335 3754 distat.

780 3891 809 3947 9.
840 3887 1089 3947 Baoornltrlum
1110 3888 1365 3958 lanuginosum.

795 4012 1024 4073 'l'riclrostomum
1038 4011 1245 4088 lanuginouum
1255 4010 1358 4070 Hnnw.

529 4139 687 4223 caespites
709 4141 843 4224 emensi,
865 4141 1005 4224 profundi
1027 4143 1248 4218 tumescentes,
1281 4140 1385 4227 grisei.
1429 4140 1544 4205 Planta
1566 4137 1714 4222 graciles·

464 4257 523 4318 uue,
545 4243 640 4320 elata,
663 4263 795 4324 ramosa,
819 4245 984 4326 ramulosa,
1007 4245 1135 4312 ramulis
1159 4244 1339 4312 lateralibus
1362 4240 1542 4321 numerosis,
1564 4240 1714 4326 longiori·

464 4343 513 4422 bus,
534 4347 647 4430 partim
670 4348 831 4415 fertilibus.
875 4349 962 4417 Folia
983 4351 1086 4432 longa,
1108 4347 1287 4416 densissimo
1309 4347 1464 4426 consede,
1487 4345 1716 4427 erecto-pateu-

464 4445 504 4524 slt
524 4453 648 4518 monna
670 4455 702 4518 et
722 4472 849 4519 recurre
871 4473 924 4520 seu
946 4453 1217 4533 falcato-secunda,
1240 4451 1422 4536 praeprimis
1444 4448 1590 4534 apiculis,
1612 4449 1715 4515 tenui-

464 4555 580 4634 roslata,
613 4575 649 4621 ax
680 4555 765 4640 epioe
787 4557 848 4623 late
870 4556 1248 4625 membranaceo-limbato
1270 4557 1303 4623 iu
1324 4554 1422 4639 pilum
1444 4553 1598 4633 exeuntia,
1620 4551 1716 4618 limbo

464 4655 564 4742 ulloque
586 4679 692 4726 eroso-
714 4661 746 4726 et
769 4660 1080 4730 subciliato-dentatis
1095 4661 1212 4728 minute
1226 4659 1402 4746 pupillosis3
1425 4656 1544 4724 cellulis
1558 4653 1716 4741 auguratio-
