3388 5218
686 333 867 396 introductio.
1375 331 1413 390 m

123 512 228 582 belem
253 513 321 600 ojus
344 517 525 599 exasperant
546 513 757 600 insignemque
781 515 961 580 varietatem
983 509 1143 596 temperiei
1163 513 1256 596 atquo
1271 511 1411 576 humoris

122 620 273 684 afferunt.
317 619 448 702 Insuper
477 618 560 684 haud
590 617 763 703 negandum
792 619 858 696 est,
891 615 1090 702 Bryologiam
1119 615 1237 682 mediae
1268 617 1409 699 Europae

124 724 229 789 multo
253 723 355 807 magis
370 721 547 807 indagatam
565 741 640 798 esse,
665 741 756 805 quam
772 718 1003 786 meridionalem
1018 721 1111 804 atque
1127 717 1411 803 septentrionalem,

125 827 154 890 si
178 824 404 891 Smndinauiae
425 825 619 909 peninsulam
640 825 783 908 excipias,
808 825 841 890 et
861 844 921 890 non
936 823 1061 889 dubium
1078 824 1127 890 est
1141 823 1215 907 quin
1230 823 1306 890 llora
1321 824 1413 908 bryo-

125 927 232 1012 logioe
265 927 477 993 meridionalis
508 929 540 992 et
569 927 820 1011 septentrionalis
852 927 962 993 multis
993 927 1150 1010 speciebus
1172 925 1272 992 adhue
1294 925 1412 1012 ignotis

126 1033 213 1098 eisre
242 1031 381 1098 nondum
412 1031 575 1116 adscriptis
605 1034 743 1117 tempore
766 1033 949 1118 augeretur,
984 1051 1044 1114 quo
1066 1031 1197 1098 Russiae
1228 1032 1260 1097 et
1283 1030 1412 1096 Truoiae

127 1137 238 1200 vastae
261 1135 403 1220 regiones
427 1154 605 1220 europaeea
628 1135 774 1201 austriae
796 1134 970 1219 prouinciae
985 1133 1208 1211 meridionales,
1232 1134 1326 1200 Italia
1342 1153 1412 1200 oum

128 1237 243 1302 insulis
267 1237 350 1314 suis,
374 1237 543 1320 Hispania,
574 1239 676 1303 terrae
697 1236 763 1302 fere
784 1239 870 1303 totae
892 1237 1032 1321 ignotae,
1055 1237 1156 1322 magis
1178 1237 1338 1322 magisque
1361 1255 1412 1302 er·

127 1341 274 1423 ploretae
295 1341 396 1404 emnt.
443 1341 608 1405 Praeterea
639 1341 707 1424 quis
735 1343 783 1406 est
805 1339 859 1424 qui
882 1341 999 1406 neseiat
1021 1340 1053 1404 in
1074 1341 1143 1424 ipsa
1165 1339 1266 1406 media
1287 1341 1411 1426 lluropa

127 1444 231 1508 multa
263 1442 423 1508 recondita
445 1463 512 1508 esse
534 1444 619 1522 loos,
642 1463 719 1528 quae
741 1444 877 1511 botanioi
900 1447 932 1510 et
954 1445 1136 1529 praeprimis
1159 1445 1314 1531 bryophili
1336 1465 1412 1514 non·

128 1546 204 1610 dum
226 1546 357 1631 pedibus
380 1546 553 1631 attigerunt
575 1550 607 1613 et
629 1567 715 1632 quae,
738 1548 943 1627 hauddubie,
967 1550 1225 1633 praetiosissimos
1247 1551 1410 1618 thesauros

131 1651 280 1716 oondunt

218 1753 322 1820 Musei
351 1755 514 1836 sequentes
546 1773 639 1820 nouae
669 1755 870 1822 intermediae
892 1755 1009 1840 proprii
1032 1755 1142 1840 virque
1165 1756 1203 1822 ad
1226 1756 1309 1822 diem
1332 1757 1410 1824 alies

130 1857 248 1940 reperti
271 1857 361 1922 sunt:
394 1857 604 1941 leplememm
626 1865 783 1939 mamm,
813 1859 1029 1943 premerellu
1051 1859 1272 1942 reeuroifolia,
1305 1859 1412 1924 Flete·

131 1962 249 2040 ωίωια,
272 1959 415 2024 Brachia
437 1963 608 2044 eoqesiooo,
631 1963 821 2046 Aooeotanp.
845 1963 1063 2028 Homerum.
1087 1963 1120 2028 et
1135 1965 1412 2046 Sendtneriuaum,

131 2062 226 2127 Dior.
247 2062 383 2144 foderem,
407 2063 642 2146 Mrtblenbecler'i,
666 2066 802 2147 Seuteri,
825 2065 931 2130 Pollio
947 2066 1132 2148 srebeessilie,
1156 2067 1301 2132 Barbula
1315 2069 1411 2131 iema-

30 2172 37 2184 “
130 2167 274 2250 dopbo'lu,
294 2165 596 2252 fiump08,'elpino,
623 2168 799 2234 Tetradem.
821 2170 1009 2254 rependum,
1032 2169 1214 2256 Idreealypta
1235 2169 1412 2254 longicolle,
1505 2219 1509 2224 .

131 2269 344 2353 apophyseto,
362 2269 595 2335 Onbmricbum
611 2272 754 2356 Sprueei,
775 2273 905 2356 Reperi,
926 2273 1164 2353 novembrium,
1185 2271 1302 2356 fudam,
1326 2275 1411 2337 riou·

131 2373 211 2453 lure,
236 2373 398 2438 semmaa
412 2375 589 2458 qrbaerr'oa,
600 2376 818 2460 plagiopodia,
841 2377 984 2457 corvom,
1006 2376 1135 2456 elatior,
1159 2383 1313 2458 cooeterto,
1347 2377 1411 2441 sad·

131 2483 222 2558 oota,
259 2476 413 2560 Taylorio
440 2477 685 2562 Rudolpbr'aoo,
717 2479 878 2544 Diseodeo
914 2477 1164 2559 Heraeolroobie',
1199 2478 1410 2564 Tetraplodon

132 2580 331 2660 urceeletue,
354 2580 620 2664 Physoomilrirem
642 2583 871 2664 acuminatum,
895 2582 1103 2667 sphaericum,
1127 2581 1275 2646 anaria
1296 2585 1410 2648 micro·
1471 2635 1474 2640 .

131 2689 243 2756 amna,
268 2683 520 2765 θνίὴοάωιιὶιιηι,
543 2683 666 2768 &pom
680 2686 888 2766 imbrieutum,
904 2685 1142 2767 eubrotuoduoe,
1166 2686 1302 2769 Saotero,
1325 2707 1409 2752 mar-

129 2787 287 2868 qirmtam,
302 2787 481 2864 uersicolor,
497 2785 632 2868 Huiete’i,
648 2787 778 2869 Fureko‘o',
801 2789 933 2869 Eliadir',
949 2789 1136 2870 oboonioum,
1160 2789 1285 2854 Maium
1301 2792 1409 2875 apina·

132 2889 244 2970 baum,
266 2891 388 2954 illeesee
404 2891 582 2970 Albertinii,
608 2891 706 2956 Oreas
727 2889 905 2972 Martiana,
930 2893 1117 2956 Bertramia
1141 2892 1302 2974 subuletu,
1325 2894 1411 2959 Bor·

132 2994 320 3074 summula,
344 2994 483 3058 Nestora
502 2995 674 3072 Mmziesii,
699 2997 971 3080 Aroecomptodou,
989 2995 1273 3079 Cylindrolbeeiom
1296 2997 1412 3061 Selilai-

133 3095 232 3176 ὠσὶ,
257 3095 378 3161 Leskeu
401 3105 559 3178 rostrato,
583 3099 838 3164 Heteroelodium
859 3099 1096 3184 beteropterum,
1121 3099 1292 3164 Tisidium
1309 3103 1412 3164 reioru-

133 3201 244 3282 colom,
267 3200 515 3284 Plagiollrem'um
540 3202 672 3284 marem,
696 3203 904 3285 Roeeeanom,
927 3204 1178 3286 meeberoideum,
1200 3203 1413 3289 Rhyneboste·

131 3305 217 3384 pium
250 3305 421 3368 derniesm
431 3353 441 3384 ,
471 3307 670 3388 depressum,
698 3307 937 3390 Eorlrynobium
968 3309 1210 3391 androgynum,
1244 3309 1412 3392 permitam,

133 3407 305 3490 ecleropue,
327 3407 539 3489 velutiuor'des,
564 3409 823 3494 Brachylbeoo'um
847 3410 1111 3494 broebypodium,
1140 3412 1309 3494 micropus,
1336 3413 1413 3476 soli-

133 3511 255 3589 cr'oum,
278 3509 412 3590 laetum,
435 3511 624 3595 Amblyetep.
648 3511 878 3595 eonferooides,
901 3513 1079 3594 submove,
1103 3515 1335 3596 tenuissimum,
1358 3536 1414 3579 ra-

133 3613 252 3693 dicale,
283 3612 413 3693 Koara,
445 3614 646 3679 himnobium
668 3619 850 3701 eupyrium,
874 3617 1028 3701 Hypatam
1047 3617 1250 3701 polygonum
1259 3666 1269 3699 ,
1293 3619 1412 3700 Roeeei,

129 3717 317 3798 pedescerm,
340 3716 477 3798 Sorderi,
498 3717 613 3799 senile,
635 3741 835 3784 nemorosum
858 3722 915 3786 eto.

322 3892 348 3963 fi.
372 3895 402 3951 4.
440 3893 482 3952 Do
506 3911 595 3954 nonae
621 3896 819 3956 meridionalis
842 3897 1028 3970 vegetatione
1051 3895 1229 3971 bryologiea.

219 4024 333 4104 Musei,
357 4043 430 4108 prae
453 4025 585 4092 caeteris
608 4027 724 4110 plantis
746 4027 871 4092 umbrae
894 4028 986 4111 atque
1008 4024 1146 4092 humoris
1162 4025 1238 4104 nati,
1262 4045 1331 4090 oum
1346 4045 1416 4090 um·

133 4132 205 4198 brae
237 4132 331 4214 atque
361 4130 502 4196 humoris
524 4130 728 4198 diminutione
750 4131 910 4196 meridiem
932 4149 1039 4196 versus
1062 4133 1128 4197 tam
1152 4147 1277 4194 numero
1301 4129 1416 4212 speeie-

134 4255 203 4302 rum
225 4253 320 4318 quam
342 4233 572 4300 individuorum
594 4235 701 4301 eadem
724 4235 844 4302 ratione
866 4235 1037 4312 rarisount,
1069 4252 1129 4316 qua
1156 4232 1287 4298 urotieas
1309 4251 1416 4298 uersus

134 4340 276 4424 regiones
299 4339 458 4422 peueiores
481 4337 571 4416 fiunt,
594 4358 689 4422 quum
704 4340 789 4406 ealor
804 4338 969 4421 lumenque
985 4325 1086 4404 solere
1101 4335 1291 4400 minuuntur.
1322 4335 1419 4400 Meri·

134 4441 273 4509 dionales
297 4443 401 4508 menen
423 4443 498 4508 sunt
519 4443 639 4522 terrae,
669 4443 766 4528 sylvis
789 4445 822 4508 et
843 4461 922 4525 aqua
944 4439 1132 4526 gaudentes,
1156 4457 1234 4522 quae
1256 4438 1307 4504 rix
1329 4438 1418 4522 eopia

134 4547 253 4612 minore
283 4545 465 4614 Moesorum
495 4547 644 4612 omautur
672 4567 766 4631 quam
799 4547 868 4612 loea
897 4543 1048 4628 plantulis
1085 4543 1203 4608 uostris
1240 4541 1419 4626 gratissima

134 4667 229 4718 nonae
259 4648 461 4715 intermediae
490 4649 584 4734 atque
615 4648 876 4738 septentrionalis.
922 4649 1151 4740 Pyrenaeorum
1175 4646 1285 4822 ψέξῃ
1314 4644 1421 4729 pluvia
