3388 5242
297 321 361 392 mc
867 317 1009 391 omme.

298 500 426 584 Buvrr),
448 497 481 564 in
503 497 611 566 Suesia
634 517 678 580 pr.
702 496 860 564 Holmiam
883 499 914 564 ct
937 497 967 564 in
993 477 1299 582 Lnteossboppmort
1321 495 1524 582 (tranasse),
1551 499 1581 562 io

297 603 430 670 Fenniae
452 602 553 668 insula
576 601 709 668 Alaudis
731 601 956 688 (Bonansson).

385 707 495 773 Fruct.
519 715 635 772 rnotm.
660 707 809 792 Augusto.

386 819 490 880 Didert
512 838 530 878 a
553 817 606 878 Br.
630 820 749 896 alpino,
771 821 918 880 caeterum
942 820 1092 896 proximo,
1116 821 1209 880 colore
1231 821 1463 880 olivetvm-viridi
1489 839 1583 894 opaco

297 907 467 983 caespitum,
491 905 568 966 foliis
590 907 745 966 latioribus
768 908 1060 984 elongato-ellipticis
1084 908 1169 968 valdo
1193 908 1338 979 concavis,
1360 908 1456 968 larius
1481 909 1584 970 exam.

298 993 478 1066 submuticis,
501 994 583 1068 apice
607 995 826 1066 subcucullatis,
850 998 912 1055 toto
935 996 1067 1072 margine
1099 996 1230 1068 reflexit,
1253 995 1380 1072 capsulis
1404 995 1584 1056 rulo-ferru-

297 1082 392 1159 gineis
415 1082 461 1143 vel
484 1081 580 1141 badiis
603 1082 682 1142 band
705 1084 993 1157 purpurascentibos.

684 1277 736 1332 41.
775 1277 907 1345 Bryum
930 1277 1187 1346 gemmiperum.

799 1399 842 1458 tta
865 1399 976 1460 Noram
1001 1399 1076 1475 Epil.

386 1529 544 1613 Caespites
574 1530 751 1598 condensati
783 1530 850 1598 basi
872 1529 1007 1599 contexti
1030 1532 1077 1598 vel
1100 1533 1184 1598 terra
1208 1530 1325 1608 obmti,
1354 1530 1583 1606 lusco-virides,

299 1634 544 1702 innovationibus
567 1637 698 1702 novellis
722 1636 996 1724 viridi-variegati,
1020 1636 1137 1703 humidi
1160 1635 1277 1703 molles.
1322 1636 1435 1702 Planta
1459 1635 1510 1702 vel
1533 1635 1584 1700 in-

299 1739 423 1805 novatio
445 1761 546 1808 annuc
567 1741 691 1808 cautim.
720 1742 733 1808 1
759 1743 835 1822 alta,
858 1745 908 1810 sat
930 1743 1022 1809 dense
1045 1744 1076 1808 et
1099 1741 1325 1826 subaequaliter
1347 1739 1473 1818 foliosa,
1497 1741 1583 1806 soliis

299 1842 389 1911 siccis
410 1844 591 1912 imbricatis.
637 1845 723 1912 Folia
745 1847 888 1914 interiora
910 1867 945 1913 er
968 1849 1060 1914 ovato
1081 1847 1267 1924 acuminata,
1291 1845 1445 1930 superiora
1468 1849 1582 1912 ovato·

298 1948 434 2032 elliptica
457 1953 488 2016 et
510 1951 804 2037 etlipticooblonga,
827 1953 944 2036 apicem
966 1971 1072 2018 versus
1096 1952 1228 2018 breviter
1256 1953 1438 2036 angustata,
1466 1951 1583 2018 intima

299 2053 437 2121 breviora
460 2056 649 2136 lanceolata,
673 2057 775 2124 omnia
799 2059 887 2125 valde
909 2077 1058 2139 concava,
1090 2059 1177 2142 parto
1201 2057 1341 2123 inferiore
1364 2056 1506 2140 margine
1531 2079 1583 2122 re-

299 2179 409 2240 curva,
439 2163 525 2228 costa
553 2161 666 2230 davida
695 2166 745 2229 sat
775 2163 876 2230 valida
907 2181 975 2228 cnm
998 2162 1083 2247 apice
1106 2161 1246 2241 finiente;
1276 2163 1342 2228 rete
1364 2161 1584 2228 rhomboideo·

299 2266 508 2348 hexagonum,
541 2265 628 2331 basin
659 2287 761 2333 versus
790 2268 881 2352 paulo
903 2267 1000 2334 larius
1024 2267 1062 2334 ad
1085 2267 1214 2352 angulos
1238 2266 1440 2350 quadratum,
1471 2287 1581 2334 versus

300 2369 471 2453 marginem
502 2370 615 2436 sensim
646 2372 769 2456 longius
800 2376 833 2438 et
855 2375 1067 2458 angustatum.
1111 2373 1243 2438 Plantae
1266 2373 1418 2440 masculae
1441 2373 1580 2438 femineis

299 2471 511 2550 intermixtam
540 2475 597 2540 llos
626 2477 869 2560 gemmitormis,
899 2477 982 2544 foliis
1012 2475 1250 2562 perigenialibus
1280 2475 1405 2542 intimis
1422 2478 1579 2544 ecostatis.

299 2577 481 2643 antheridiis
497 2581 529 2645 et
544 2576 765 2667 paraphysibus
782 2582 976 2650 mediocriter
990 2581 1172 2650 commosis.
1202 2581 1302 2648 Floris
1325 2580 1448 2647 feminei
1470 2582 1579 2648 archc-

299 2682 391 2766 genia
415 2685 446 2748 et
468 2685 655 2768 parapbyses
678 2687 937 2754 numerosissima.
984 2687 1115 2772 Capsula
1147 2689 1257 2753 ovato·
1279 2687 1326 2753 vel
1350 2685 1579 2772 oblongo-piri-
1674 2691 1675 2730 ³

299 2787 421 2867 formis,
443 2789 592 2856 inclinata
615 2791 663 2856 vel
686 2792 832 2876 pendula,
865 2793 1050 2860 rulo-badia.
1095 2791 1276 2876 Operculnm
1306 2793 1371 2858 alto
1401 2811 1578 2861 convexum.

298 2891 433 2958 breviter
456 2893 654 2976 apicutatum.
701 2897 878 2962 Peristomii
907 2899 1015 2964 dentes
1048 2898 1253 2977 tumescentes,
1287 2915 1447 2981 processus
1469 2896 1578 2979 pallidi

299 2998 469 3080 interrupte
493 2999 624 3078 hiantes,
647 3001 719 3066 cilia
741 3001 855 3068 tenuia.

304 3120 428 3206 Bryom
448 3124 680 3208 penrrrriporom
710 3123 758 3188 Ita
781 3121 900 3188 Numa.
931 3122 1057 3190 Cronac.
1086 3123 1174 3188 briol.
1198 3123 1266 3190 ital.
1289 3123 1321 3189 in
1344 3122 1514 3189 Commeat.
1539 3123 1580 3189 ll.

408 3223 541 3292 111028.

209 3303 218 3321 ’
302 3329 426 3416 Bryom
448 3331 593 3418 alp-inum
616 3332 878 3398 mediterraneum
904 3332 951 3398 Da
973 3331 1093 3398 Novas.
1117 3331 1194 3416 Syll.
1218 3333 1249 3398 et
1271 3330 1352 3415 Epil.

301 3437 796 3521 ,11101101010010010000010ον010,
820 3438 868 3504 vel
892 3437 1052 3504 Notarisii
1074 3437 1205 3505 Junarz.
1230 3437 1341 3504 Botan.
1365 3437 1441 3503 zen.
1467 3433 1564 3503 1866.

301 3541 424 3627 Brymn
448 3541 607 3608 Notavr'sii
628 3541 722 3608 Mrrr.
746 3543 873 3610 Proceri.
897 3543 987 3610 Lino.
1011 3543 1077 3611 Soc
1105 3543 1196 3610 1863.

302 3645 426 3731 vaum
448 3649 599 3712 nauticum
622 3647 664 3714 M.
681 3647 717 3714 T.
733 3647 850 3727 trinos,
873 3647 1051 3716 Tostanslre
1074 3647 1204 3728 Mosser,
1226 3649 1258 3713 in
1282 3649 1391 3713 Botan.
1416 3645 1580 3726 Tidslrritt,

409 3751 562 3836 lijbbenb.
588 3752 681 3818 1868.

388 3873 496 3938 liubit.
520 3873 595 3939 locis
618 3874 767 3940 calcareis
792 3875 868 3954 udis,
891 3875 921 3940 in
946 3875 1112 3942 rivulorum
1136 3875 1243 3952 alveis,
1266 3875 1316 3940 bio
1331 3875 1397 3942 itlic
1412 3895 1465 3958 per
1477 3873 1580 3958 mgio·

299 4001 367 4046 nem
392 3977 635 4045 meridionalem:
663 3979 695 4045 iu
729 3981 849 4064 pascuis
881 3980 1049 4046 insularum
1073 3981 1111 4047 ad
1135 3982 1247 4046 fretum
1270 3980 1420 4046 Bonilecii
1443 3979 1480 4046 ad
1504 3983 1580 4046 Sar·

298 4085 414 4150 diniam
444 4083 680 4169 pertinentium,
710 4084 761 4150 nbi
794 4104 873 4151 anno
899 4085 981 4150 1837
1005 4085 1053 4150 ne
1076 4083 1214 4151 Noranrs
1240 4085 1364 4162 „unice⁸
1391 4084 1487 4170 legit;
1512 4086 1579 4150 1000

299 4189 446 4272 tophacco
468 4207 580 4272 aquoso
603 4188 641 4254 ad
667 4189 798 4254 Castello
821 4208 913 4274 propo
930 4189 1118 4256 Florentium
1141 4189 1197 4275 (n.
1221 4189 1257 4255 Τ.
1282 4189 1412 4274 Lasos),
1435 4189 1466 4254 in
1490 4189 1579 4254 atreo

299 4291 391 4359 rivuli
414 4293 451 4360 ad
475 4295 582 4378 pedem
605 4295 718 4360 montis
736 4295 995 4360 Solate-Virtutis
1011 4295 1290 4378 Gallo-provinciae
1307 4295 1522 4380 (Parnassrlr
1545 4295 1579 4360 in

301 4399 427 4466 Atticae
449 4419 489 4466 m.
516 4399 696 4464 Perontikon
718 4399 947 4483 (Hennanrnoa,
976 4399 1080 4484 1873).

388 4503 498 4570 Fruct.
523 4514 639 4571 motor.
667 4503 779 4588 Aprili,
802 4502 896 4590 Majo.

386 4617 487 4688 Quoad
511 4617 644 4678 loliorum
668 4619 698 4677 ct
720 4617 855 4692 capsulae
882 4617 1002 4678 lormam
1020 4615 1072 4676 m.
1089 4615 1297 4675 ellrtblenbcctii
1311 4613 1414 4685 similo,
1437 4615 1578 4676 distincta

299 4705 536 4771 innovationibus
556 4705 721 4790 junioribus
744 4705 835 4770 diluto
859 4705 1009 4780 viridibus,
1032 4704 1109 4768 loliis
1132 4703 1312 4768 tenuioribus
1329 4703 1407 4766 baud
1424 4705 1579 4766 decurren-
