3388 5218
679 351 853 410 nuoaaeco.
1183 313 1187 321 ’
1302 353 1397 412 xxm

127 529 219 611 partes
241 528 345 613 plures
368 527 534 594 distinctas
565 528 661 594 oculis
686 528 821 594 exbibet:
854 528 1010 610 capsulam
1043 529 1163 612 proprie
1195 529 1239 595 aio
1271 529 1396 610 dictum,

127 633 192 697 ie.
224 632 381 698 vasculum
413 651 473 714 quo
505 649 612 714 sporae
640 632 755 698 liberae
786 633 834 698 vel
866 633 987 698 saecmo
1020 631 1155 699 inclusae
1186 633 1396 712 continentum

123 741 299 822 pedianum
314 740 366 822 qui
383 740 580 804 eubemitata
601 737 743 804 interiore
766 737 928 826 vagiunlae
944 737 1093 821 infigitur,
1114 737 1186 804 dum
1202 739 1398 804 exbemitate

127 843 270 924 superiore
291 842 467 924 capsulam,
490 841 523 906 iu
545 859 637 923 quam
660 841 775 906 senaim
798 841 847 906 vel
870 841 973 906 subito
997 839 1182 921 ampliatur,
1205 841 1274 922 plus
1297 840 1397 908 miuus

127 947 182 1010 alte
201 965 321 1010 sursum
345 945 449 1021 tollit3
482 946 673 1030 operandum,
696 963 774 1027 qno,
796 945 874 1010 raris
897 944 1013 1010 Massia
1035 945 1189 1028 exceptis,
1212 945 1337 1028 capsula
1359 945 1398 1012 ad

130 1067 225 1130 speras
245 1049 434 1116 emittendas
458 1050 609 1132 aperitnr;
633 1049 787 1114 annulum
809 1048 934 1115 tandem
957 1051 1018 1131 qui,
1041 1047 1073 1114 in
1096 1067 1208 1133 magno
1221 1049 1398 1116 Muscomm

130 1169 253 1231 numero,
276 1152 420 1234 capsulae
435 1153 637 1235 opereuloqne
658 1151 859 1234 interpositus
882 1152 1032 1235 reperitur
1053 1153 1085 1218 et
1107 1152 1169 1234 qui,
1191 1153 1321 1219 clastiea
1342 1171 1398 1220 aua

131 1253 280 1334 solutione,
306 1255 482 1338 operculum
505 1256 604 1337 ipsum
626 1253 740 1338 dejicit.

206 1359 333 1444 Organa
355 1379 431 1443 quac
453 1359 612 1442 capsulam
634 1359 788 1426 internam
808 1361 959 1442 'occupant
980 1361 1052 1426 sont
1078 1363 1285 1447 sporonpinm
1309 1362 1396 1446 (apo

130 1465 304 1548 remidium
327 1467 359 1528 et
382 1463 600 1549 sporopborna
623 1462 724 1544 aliis),
756 1481 870 1547 sponoe
891 1465 923 1529 et
946 1465 1116 1529 columella.
1162 1465 1396 1548 Peristominm,

131 1567 298 1650 corpuscula
330 1567 387 1632 illa
408 1568 477 1648 plus
500 1566 603 1632 minus
625 1566 790 1650 regularia,
821 1586 897 1648 qnae
924 1569 994 1634 cilia
1025 1567 1203 1635 fimbriasve
1225 1569 1397 1652 reserantia,

131 1669 321 1750 plurimorum
343 1670 519 1736 Muccurum
552 1669 683 1752 simplici
709 1670 760 1735 vel
781 1669 894 1754 duplici
917 1672 1073 1737 rarissimo
1096 1669 1213 1754 triplici
1235 1671 1312 1738 serie
1335 1671 1398 1737 ori·

130 1772 222 1837 licium
243 1773 403 1854 capsulare
425 1773 555 1856 cingunt
577 1774 610 1838 et
630 1773 742 1854 parieti
764 1773 885 1839 interno
908 1773 1041 1856 operculi
1064 1775 1214 1858 adjacent.

207 1877 251 1941 De
271 1876 402 1942 daorsis
425 1875 475 1941 hic
498 1876 683 1942 enumeratis
706 1877 851 1960 capsulae
870 1876 1020 1960 partibus,
1043 1878 1144 1944 verbis
1159 1875 1302 1944 brevibus
1318 1894 1398 1942 nunc

130 1978 158 2040 iu
178 1978 303 2063 ungulis
327 1979 523 2060 sequentibus
545 1979 745 2063 paragraphis
767 1980 900 2046 locuturi
923 1999 1038 2046 sumna.

449 2159 475 2228 5.
500 2159 530 2216 4.
567 2159 610 2218 Da
631 2159 753 2233 capsula
776 2159 893 2234 proprie
916 2159 958 2220 sic
981 2159 1070 2220 dieta.

207 2288 379 2354 Muccurum
409 2289 535 2370 capsula
562 2307 579 2353 e
607 2288 787 2355 membrana
815 2290 885 2372 plus
916 2290 1056 2356 minuare
1088 2290 1188 2356 tenaci
1211 2291 1400 2370 ellormntnr,

130 2409 200 2470 quae
220 2390 285 2476 ipsa
308 2411 324 2456 a
346 2393 464 2457 duobus
487 2393 535 2458 vol
559 2392 697 2474 pluribus
720 2392 899 2458 cellularum
923 2395 1033 2460 atratis
1056 2394 1215 2460 exstructa
1237 2395 1400 2477 reperitur,

131 2511 247 2573 qnorum
271 2497 405 2561 eumuna
428 2495 625 2560 interioribus
647 2496 797 2575 crassius,
821 2496 949 2576 firmius,
973 2497 1149 2577 stellulis,
1180 2497 1339 2582 praecipue
1361 2499 1400 2566 ad

131 2595 207 2662 laus
226 2601 399 2678 arternum,
430 2598 670 2683 pacbydermicis
694 2600 785 2681 atquo
807 2619 866 2682 pro
884 2602 978 2667 variis
1001 2601 1155 2684 speciebus
1178 2601 1399 2686 magnitudine,

132 2701 220 2768 torma
241 2704 272 2768 et
293 2701 395 2769 colore
417 2701 608 2768 variantibus
630 2703 837 2785 compositum
859 2705 1076 2788 opidermidem
1091 2705 1195 2790 fingit,
1217 2705 1299 2770 baud
1318 2723 1399 2783 raro,

132 2805 300 2886 praeprimis
327 2806 368 2872 ad
398 2807 546 2889 capsulae
574 2806 678 2886 basin,
709 2807 893 2874 stomatibus
916 2811 1080 2892 pertusam.
1124 2810 1303 2876 Membrana
1325 2811 1401 2876 baec

132 2909 263 2988 capsulae
290 2911 435 2976 artemas
462 2928 518 2992 pro
547 2929 632 2976 more
662 2910 786 2976 omuino
815 2911 913 2978 laeuis
943 2915 975 2978 et
1004 2912 1105 2979 colore
1135 2913 1279 2979 uniformi
1302 2912 1401 2978 tincta

132 3013 314 3094 conspicitur.
359 3013 430 3080 Nou
454 3013 542 3098 pauci
562 3015 669 3080 tamen
691 3017 853 3080 occurrunt
875 3016 973 3081 Musei
1001 3033 1131 3097 quorum
1154 3015 1280 3098 capsula
1311 3014 1397 3081 striis

132 3113 392 3200 loup'tudinalibus
430 3117 631 3184 discoloribus
661 3119 818 3202 signatur,
856 3138 933 3202 quae
969 3138 986 3183 e
1023 3119 1143 3185 cellulis
1179 3118 1400 3185 diversilormi·

133 3215 182 3282 bus
202 3220 379 3300 formantur,
415 3220 491 3287 uude
514 3223 631 3286 stricto
653 3224 798 3300 vocatur,
827 3223 863 3286 ut
885 3223 916 3287 in
938 3222 1080 3305 plurimis
1105 3221 1335 3301 Ortbotricbis,
1368 3222 1399 3288 iu

132 3339 215 3402 genn.
235 3325 444 3410 Amptoridio
455 3374 465 3406 ,
488 3325 685 3410 Zypodmatc,
707 3326 739 3390 in
762 3325 944 3411 Encotyplo
966 3326 1189 3411 rbobdoccrpo
1211 3327 1243 3390 et
1266 3333 1399 3411 strepin-

132 3445 232 3510 ccrpu,
253 3427 337 3511 cujus
360 3428 455 3494 abiae
477 3428 634 3512 capsulam
656 3429 888 3514 elegantissimo
910 3429 998 3496 modo
1031 3429 1187 3512 spiraliter
1219 3429 1399 3494 circumcin-

132 3531 211 3610 grmt.
252 3531 287 3596 ln
307 3531 401 3610 raris,
431 3531 614 3614 praeprimis
642 3531 772 3598 exoticis
800 3532 977 3615 speciebus,
1013 3532 1139 3615 capsula
1160 3531 1325 3598 tuberculis
1349 3533 1398 3598 vel

132 3631 245 3714 papillis
265 3637 445 3718 exasperata
467 3635 634 3702 invenitur.
680 3636 860 3718 superficies
892 3637 957 3720 ejus
980 3638 1134 3703 caetemm
1157 3637 1206 3704 vel
1228 3657 1328 3722 opusc
1350 3638 1398 3702 est

132 3736 176 3800 rel
195 3740 301 3818 nuda,
323 3739 374 3805 bio
396 3740 463 3805 illic
484 3742 658 3822 nernicoso,
681 3742 722 3818 et,
746 3741 773 3805 si
796 3741 834 3805 ad
856 3741 989 3807 colorem
1012 3741 1167 3823 respicias,
1190 3759 1260 3805 oum
1282 3741 1397 3805 viridi-

131 3837 328 3917 tumentem
350 3841 488 3908 invenies
511 3842 543 3907 in
567 3842 688 3927 Polylr.
710 3843 852 3926 formoso
873 3845 906 3910 et
927 3844 1053 3928 proclii,
1076 3843 1109 3908 iu
1125 3843 1328 3908 Banbonmia
1349 3845 1397 3910 in-

132 3941 248 4008 casum
263 3965 288 4011 o.
303 3965 351 4020 a.;
372 3945 493 4029 mnam
515 3945 547 4009 iu
571 3945 794 4030 Ptopiotbeciia
817 3945 975 4028 plurimis}
998 3947 1184 4010 curantium
1205 3945 1238 4009 iu
1268 3944 1398 4011 Webero
1471 3979 1477 3986 ·

109 4035 232 4129 'oronim
253 4049 428 4134 Leptobryo
446 4048 635 4135 pirisormi;
658 4071 807 4115 corneum
829 4050 861 4115 in
885 4051 973 4135 Bryo
997 4071 1120 4132 corneo,
1151 4049 1397 4135 Wablenberpii;

131 4147 244 4226 fuscam
264 4153 295 4218 in
318 4154 408 4237 Bryo
430 4160 578 4234 nntcnte,
598 4155 890 4239 psendotriqmctro;
910 4153 1131 4236 [canescentem
1154 4171 1208 4218 seu
1228 4153 1396 4236 fluns-fue·

132 4271 195 4314 eum
214 4254 242 4318 in
258 4255 511 4340 Pbyacomitriie,
533 4255 565 4321 in
588 4256 646 4320 Br.
667 4257 847 4336 turbinata·
870 4257 1053 4341 spadiceum
1074 4255 1107 4321 in
1123 4255 1180 4321 Br.
1203 4257 1396 4338 internodio,

134 4353 320 4424 Cerotodonte
338 4379 527 4446 purpuram
550 4361 733 4424 rutilantem
754 4359 786 4424 iu
801 4359 976 4445 &beneco
991 4367 1124 4440 serrato,
1145 4359 1177 4424 iu
1194 4359 1396 4434 Bumbonmio

133 4457 268 4544 optyllc,·
298 4464 428 4528 bodium
449 4463 500 4530 vel
522 4471 701 4530 bastoneam
723 4463 755 4528 in
778 4463 927 4528 Fauonio
955 4463 1173 4546 microcosmo,
1204 4463 1234 4527 iu
1257 4461 1396 4528 Messene

132 4563 290 4644 spadonum
312 4569 523 4653 conquiescam
543 4568 576 4633 iu
599 4568 689 4653 Bryo
711 4568 954 4653 erythrocorpo,
977 4569 1167 4653 morcincto,
1191 4569 1309 4652 ulpino,
1332 4574 1395 4631 tor·

133 4679 296 4756 quosnam
318 4681 602 4758 otro-pumannum
623 4674 656 4740 in
679 4672 767 4758 Bryo
789 4680 1053 4759 otro-paurpureo,
1077 4679 1235 4754 coronato,
1258 4669 1395 4754 praepri-
