3290 5214
803 339 945 396 Prscfetio.

240 509 329 576 nibus
353 511 417 577 illis
441 513 510 580 octo
539 511 676 580 millibus
703 516 735 580 et
764 516 848 582 ultre
871 519 1047 586 Muscomm
1078 520 1250 606 speciebus,
1284 532 1361 600 quas
1390 511 1517 576 terrem

239 613 389 693 incolunt,
412 616 487 682 bene
509 617 651 702 cognitis,
674 638 817 686 nnmems
837 641 986 706 generum
1007 643 1026 688 e
1048 644 1096 690 me
1118 643 1179 690 non
1203 622 1268 689 sine
1283 616 1419 704 periculo
1436 629 1518 697 pro-

239 718 359 802 positus
382 738 442 786 non
465 718 577 786 nimius
599 740 666 788 esse
689 722 837 790 videatur.
875 725 978 792 Genus
999 727 1088 806 enin,
1103 713 1179 794 'mec
1202 743 1301 801 sensu,
1325 713 1516 806 aggregatio

240 820 409 906 specierum
431 825 480 888 est
501 842 579 907 quse
601 825 667 889 tem
689 845 833 911 magnum
854 828 935 894 inter
957 849 989 896 se
1012 829 1244 896 similitudinem
1259 824 1403 892 exhibent
1418 821 1455 885 ut
1470 835 1515 882 ex

240 924 347 992 eudem
368 925 467 993 forma
496 927 601 1013 typice
635 929 742 995 enatae
774 930 934 998 videantur
964 933 1062 1018 (γένος
1084 934 1171 1018 origo
1194 951 1230 997 ex
1253 929 1359 996 eedem
1381 940 1519 1011 genera·

238 1028 322 1097 tione
343 1033 465 1118 ymmp),
489 1033 647 1117 primoque
669 1034 785 1100 intuitu
807 1061 961 1120 συῃειιεις
979 1039 1159 1105 habeantur.
1204 1035 1311 1119 Qualis
1333 1033 1439 1098 autern
1461 1025 1519 1091 est

241 1133 411 1202 similitudo
434 1136 632 1222 syngenetice
654 1138 733 1206 inter
756 1140 974 1207 Burtrcmicm
995 1143 1172 1208 menbrana
1192 1145 1224 1208 et
1241 1139 1434 1206 Brenteliam
1457 1153 1516 1195 or-

239 1244 365 1302 cuatum
387 1239 419 1304 et
440 1238 522 1305 inter
545 1241 624 1308 hunc
647 1243 680 1307 et
702 1242 976 1310 Bartramiduinm
1007 1245 1148 1324 Wilsoni,
1171 1245 1271 1330 qualis
1292 1245 1375 1309 inter
1394 1239 1512 1305 Tham-

237 1342 325 1405 m'om
349 1342 549 1428 alopeciarum
573 1346 605 1410 et
629 1345 801 1412 Neciccrcm
819 1357 1000 1433 pennatam,
1025 1349 1310 1434 Gyliudrotbeeium
1330 1339 1506 1410 cludorrie'·

236 1467 316 1511 zuns
337 1446 419 1540 inter
442 1448 473 1512 et
497 1447 732 1534 Hedrciyidium
754 1452 885 1517 imberbe
906 1473 932 1518 e.
950 1475 973 1520 s.
990 1457 1042 1538 p?
1079 1454 1187 1518 Genus
1210 1454 1278 1538 (pro
1302 1445 1511 1516 subdivisione

236 1548 404 1634 cubemus)
432 1552 561 1620 ultimus
585 1554 735 1622 terminus
758 1556 942 1624 divisionum
964 1559 1027 1635 est,
1058 1561 1090 1623 et
1112 1557 1138 1624 si
1163 1577 1212 1624 res
1234 1557 1327 1623 aliter
1349 1549 1511 1622 definitur,

238 1653 377 1720 confusio
400 1654 431 1720 in
454 1655 599 1723 methodo
622 1659 691 1724 tots
713 1659 822 1726 oritur.

323 1757 442 1826 Peuces
465 1761 656 1828 solummodo
680 1764 821 1830 suctores
843 1785 898 1849 pro
931 1764 1108 1850 synonymis
1139 1763 1282 1841 laudari,
1315 1760 1388 1844 quie
1411 1757 1519 1840 legem

235 1861 313 1926 mihi
335 1861 467 1947 imposui
491 1865 526 1930 ut
549 1884 601 1932 eos
624 1866 707 1932 solos
731 1867 918 1934 nominarem
942 1888 1017 1950 quos
1041 1867 1172 1945 eusdem,
1195 1886 1272 1952 ques
1286 1864 1363 1949 ipse,
1388 1861 1519 1946 plantas

234 1965 406 2032 describere
428 1968 505 2032 mihi
528 1989 706 2054 persuasum
729 1970 881 2037 haberem.
928 1969 1111 2056 synonymis
1134 1991 1213 2055 quae
1236 1991 1252 2036 e
1272 1968 1361 2036 libris
1377 1965 1520 2030 aliorum

235 2070 449 2137 exscribuntur
465 2091 585 2158 semper
600 2073 717 2156 aliquid
740 2075 850 2139 incerti
864 2074 1018 2148 inhaeret;
1042 2074 1120 2138 liber
1135 2074 1201 2158 ipse
1217 2071 1392 2140 nominibus
1409 2063 1522 2134 obrui-

234 2174 287 2238 tur
309 2172 477 2240 innumeris
499 2194 555 2259 prc
577 2194 690 2260 magne
712 2177 799 2260 parte
821 2175 971 2252 inanibus,
995 2175 1196 2258 volumenque
1218 2173 1375 2240 inutiliter
1397 2171 1521 2235 incres-

234 2275 288 2340 cit.
334 2277 394 2357 Qui
418 2297 589 2362 synonyme
615 2279 659 2344 sic
681 2277 765 2342 dicta
787 2277 980 2355 desiderant,
1013 2297 1156 2362 magnum
1188 2296 1295 2344 eorum
1326 2275 1450 2358 copiam
1481 2270 1520 2334 in

235 2379 383 2444 Burnsnu
407 2382 440 2445 et
462 2381 595 2446 aliorum
619 2379 760 2463 operibus
783 2380 948 2445 invenient.

321 2481 370 2546 Ad
393 2481 483 2546 finem
508 2481 649 2547 omnibns
672 2481 735 2545 illis
758 2480 951 2559 fautoribus,
981 2482 1032 2565 qui
1056 2501 1071 2546 e
1094 2481 1312 2546 diversissimis
1335 2477 1524 2564 regionibus

234 2581 352 2646 Muscis
376 2583 454 2647 mihi
477 2581 580 2648 missis
604 2581 801 2664 conciliisque
824 2601 873 2646 me
895 2581 1095 2666 adjuverunt,
1128 2583 1277 2648 maximas
1300 2603 1359 2668 ege
1383 2579 1525 2666 gratiss,

234 2705 346 2768 eosque
368 2687 495 2770 rogetus
524 2705 591 2752 esse
624 2684 734 2760 velim,
765 2687 801 2749 ut
830 2685 924 2750 etiam
952 2687 1150 2752 ulterioribus
1181 2682 1524 2752 communicationibus

233 2787 351 2872 aliquid
383 2787 548 2872 perfectius
580 2803 779 2869 componere,
817 2787 978 2870 praecipue
1014 2786 1046 2851 in
1083 2789 1170 2870 perte
1201 2784 1525 2873 bryo-geographica,

232 2891 414 2958 incultctem
444 2890 522 2955 mihi
555 2889 705 2964 oderent,
739 2889 832 2970 atque
864 2905 940 2968 quos
970 2905 1087 2952 errores
1109 2889 1173 2952 tem
1196 2889 1229 2952 in
1251 2887 1525 2972 descriptionibus

232 3013 325 3078 quem
348 2993 379 3058 in
402 2991 582 3077 synonymis
604 2987 787 3066 detexerint,
812 3007 865 3053 cos
887 2987 1079 3072 corrigendos
1096 2990 1174 3054 etin
1190 2993 1352 3074 postemm
1369 2987 1524 3054 vitandos

232 3098 310 3164 mihi
333 3096 465 3180 benigne
487 3093 674 3180 significent.

319 3231 491 3302 Argentorate
509 3229 554 3286 dic
575 3224 769 3284 lurcorum
790 3225 867 3278 1860.

1080 3396 1131 3462 w.
1155 3395 1221 3462 m.
1245 3395 1451 3484 scimpor.
