3434 5234
725 294 925 356 Gnmmuoeae.
1395 302 1459 368 247

289 470 470 560 longissime
491 471 638 557 piliferis,
670 470 814 556 capsulae
837 471 948 537 ovatae
970 469 1119 555 profrudo
1141 473 1272 542 suniae
1292 473 1461 558 pedunculo

290 576 418 643 minimo
438 575 564 644 laterali
586 575 721 655 curvnlo,
745 575 887 658 operculo
909 575 1017 641 obtuse
1039 577 1215 645 acuminato
1235 578 1331 648 brevi
1368 580 1459 646 Bam.

290 681 378 765 Spec.
399 680 498 747 Mure.
522 679 626 763 Snppl.
650 679 677 759 I,
699 698 729 762 p.
752 676 813 756 953
835 676 932 762 ejusd.
954 678 1061 764 Bryol.
1083 679 1166 749 univ.

224 802 315 869 Wm.
336 803 371 870 et
391 801 490 867 Mona
512 802 550 866 B.
573 801 610 866 Τ.
647 799 832 866 Scnwanon.
856 797 960 883 Suppl.
982 801 1008 881 I,
1030 818 1056 866 o.
1078 799 1116 867 ic.
1146 801 1234 868 Nuus
1249 804 1281 870 et
1295 803 1459 870 Hounson.

289 905 393 990 Bryol.
416 923 513 991 germ.
545 905 595 970 Dr
616 903 757 970 Nouanus
779 902 856 989 Syll.
877 905 911 971 et
931 904 1013 987 Epil.
1050 905 1109 971 Ba.
1125 907 1157 972 et
1172 904 1244 974 Son.
1266 907 1372 994 Bryol.
1396 926 1459 976 eur.

287 1011 413 1077 Harum
436 1007 549 1076 Skand.
575 1009 625 1076 ll.

178 1131 346 1198 detdic
367 1132 485 1196 crinito
508 1129 542 1197 O.
563 1129 700 1196 Monens
721 1129 851 1214 Synops.

176 1251 253 1319 Ver.
276 1259 307 1332 β.
330 1253 491 1338 desputo,
513 1250 728 1336 gracilescens,
751 1250 872 1331 elatior,
894 1249 1010 1334 pluries
1033 1250 1207 1320 dichotomc
1228 1271 1360 1335 ramosa,
1382 1255 1459 1321 viri·

288 1355 368 1436 dior,
390 1355 464 1422 solis
485 1354 570 1422 loliis
592 1353 859 1438 perichaetialibus
881 1351 1049 1439 longipilis,
1073 1355 1203 1424 caeteris
1224 1357 1359 1423 muticie.

179 1479 342 1543 Grimmiu
363 1477 513 1562 cupidate
535 1473 585 1541 Dn
607 1474 688 1540 Non.
712 1473 790 1558 Syll.
813 1475 846 1539 et
867 1473 949 1557 lipil.

266 1598 376 1664 Hali.
399 1597 432 1662 in
452 1597 589 1664 cemento
610 1595 745 1661 calcaneo
768 1593 937 1661 siccissimo
959 1614 1125 1674 murorum,
1148 1596 1308 1665 rarissime
1329 1598 1458 1666 insanis

175 1703 342 1780 mlcareis,
371 1721 425 1786 per
451 1702 552 1768 totam
574 1700 746 1783 lluropam,
776 1718 846 1765 raro
868 1699 900 1764 in
922 1699 1174 1782 septentrionali,
1196 1700 1403 1785 copiosissime
1424 1702 1458 1769 in

174 1805 379 1888 meridionali,
401 1806 453 1872 ubi
475 1805 557 1873 haud
578 1823 648 1872 raro
671 1822 774 1870 muros
787 1802 927 1871 meridiei
941 1803 1097 1887 expositos
1112 1804 1203 1888 pellis
1219 1805 1259 1871 ad
1273 1805 1374 1872 instar
1388 1825 1457 1873 mn·

173 1911 263 1976 rinae
284 1909 342 1976 hoc
363 1927 469 1977 musco
492 1907 639 1976 obductos
661 1906 743 1985 nidi3
764 1913 867 1988 nand
889 1907 922 1972 in
944 1907 1041 1974 muris
1064 1907 1287 1976 humidioribus
1302 1910 1387 1977 terra
1401 1910 1456 1976 ob·

173 2013 256 2080 rutis
279 2033 372 2098 prope
392 2012 600 2097 Monspelinm
622 2011 727 2099 (ipse),
757 2029 850 2094 prope
872 2009 1048 2078 Massiliam
1070 2011 1273 2095 pulcherrime
1295 2012 1456 2100 (small),

175 2117 211 2184 in
233 2115 377 2184 Sardinia
398 2117 460 2200 (Du
482 2116 627 2200 Noram).

264 2237 375 2305 Ferret.
397 2245 514 2304 mutar.
538 2238 703 2306 auctumno
725 2238 756 2303 et
778 2215 980 2320 primo'vere.

597 2444 729 2529 Subgen.
753 2443 784 2510 3.
830 2442 1035 2511 Grimmia:

260 2600 350 2667 Folia
382 2599 519 2668 omnium
548 2600 611 2667 iere
641 2596 808 2683 specierum
836 2597 869 2662 in
895 2595 994 2680 pilum
1015 2597 1204 2679 desinentia,
1233 2599 1295 2666 reti
1326 2601 1455 2669 basilari

170 2705 355 2790 rectangulo
384 2705 435 2770 nel
462 2704 572 2772 lineari
600 2704 633 2769 ot
655 2701 924 2783 sinuoso-lineari,
957 2700 1096 2788 margine
1118 2703 1151 2769 et
1172 2703 1212 2770 ad
1233 2705 1363 2790 angulos
1385 2725 1454 2775 rec·

170 2810 313 2894 trogulo.
358 2809 506 2895 (talpptra
541 2806 898 2886 lebate-mitraeformis,
935 2824 1004 2872 raro
1040 2807 1204 2874 cucullata.
1250 2807 1385 2892 capsula
1420 2810 1454 2875 in

169 2912 323 2998 pedioello
345 2913 472 2981 arcuato
493 2929 652 2997 emergens
678 2909 728 2975 vel
758 2910 897 2987 exserta,
932 2907 1092 2994 regularis.
1137 2910 1319 2978 Peristomii
1346 2911 1453 2979 dentes

168 3015 244 3102 plns
265 3016 367 3082 minus
389 3015 517 3084 cribrosi
539 3015 589 3082 vel
609 3012 757 3081 lacunosi.
801 3011 915 3094 Sporee
936 3011 1084 3093 mentae,
1106 3013 1220 3082 laeves

514 3221 593 3288 secr.
615 3221 644 3287 I.
690 3219 885 3307 Galyptru
905 3221 1112 3288 cucullato.

656 3357 785 3416 Floret
801 3357 962 3416 mosaici.

567 3473 612 3532 u.
644 3470 810 3530 Grlmmla
832 3469 1051 3530 orbicularis.

611 3577 665 3638 Ba
688 3583 718 3639 et
741 3577 808 3638 Son
831 3577 929 3654 Bryol.
951 3593 1011 3637 eur.

258 3707 417 3776 Pulvinuli
438 3706 528 3775 ualde
549 3707 774 3788 tumescentes,
797 3706 1044 3791 hemisphaerioi,
1067 3707 1228 3791 compacti,
1250 3726 1270 3773 a
1292 3708 1450 3775 substrato

165 3812 284 3881 remoti
305 3811 486 3893 dilabentes,
508 3810 618 3879 incani.
663 3811 754 3878 Folia
775 3810 922 3879 inferiora
935 3812 1119 3893 lanceolata,
1141 3809 1256 3878 mutiea
1277 3811 1327 3878 vel
1348 3811 1450 3877 brovi-

165 3919 246 4005 pila,
269 3917 425 4002 superiora
447 3915 480 3982 in
501 3914 598 3999 pilum
619 3915 738 3983 inferne
751 3914 950 3983 latiusoulum
964 3916 1115 3996 exeuntia,
1137 3914 1207 3983 basi
1221 3914 1449 3982 canneto-con·

164 4041 258 4102 cana,
281 4019 400 4106 apicem
419 4037 526 4087 versm
547 4018 696 4100 carinata,
718 4019 858 4104 margine
876 4018 988 4087 leniter
1009 4037 1145 4098 remma,
1166 4020 1254 4086 costa
1274 4017 1360 4086 tenui
1381 4019 1449 4102 api·

165 4144 238 4194 cem
259 4142 321 4190 non
342 4122 532 4208 attingente3
561 4121 791 4206 porichaetialia
813 4121 1068 4209 subvaginanda,
1090 4121 1240 4208 longiora,
1266 4122 1355 4191 valde
1377 4141 1449 4189 con·

165 4245 256 4296 cava
302 4225 452 4312 Galyptm
483 4226 637 4294 cucullata
660 4226 699 4293 ad
721 4227 856 4294 mediam
877 4227 1036 4310 capsulam
1056 4226 1214 4310 producta.
1260 4225 1394 4309 capsula
1415 4225 1448 4292 in

165 4330 320 4418 pedioello
342 4329 511 4397 latescente
532 4347 661 4414 superne
683 4331 808 4397 arcuato
831 4329 1031 4397 horizontalis
1053 4330 1104 4397 vel
1125 4329 1275 4411 demisse,
1305 4328 1448 4414 parvula,

165 4432 487 4520 subgloboso-ovata,
520 4433 599 4511 rufa,
622 4433 760 4501 obsoleto
781 4433 911 4514 striata,
933 4433 1109 4515 subnitida,
1141 4435 1221 4502 sicca
1243 4433 1294 4500 vix
1316 4423 1448 4515 suaa,

166 4535 374 4608 exsiccatione
410 4536 552 4619 pedioelli
589 4539 754 4606 ascendens
790 4540 824 4605 et
852 4538 1019 4606 suberecta.
1064 4533 1248 4624 operculum
1275 4533 1448 4622 parvulum,

167 4637 358 4720 mamillam,
381 4639 535 4737 obtusum,
557 4641 743 4709 curantium.
787 4641 929 4710 Aradus
950 4641 1144 4710 latiusoulus.
1179 4639 1359 4710 Perirtomli
1372 4640 1448 4707 den·
