3388 5218
267 280 296 346 11
828 271 1002 340 introductio.

265 465 405 532 minusne
421 463 599 548 elongatum
619 461 781 539 efficiatur,
805 460 886 545 qnod
909 480 925 526 e
946 458 1096 525 lateribus
1119 477 1221 524 ramos
1244 445 1371 535 emittit,
1395 445 1543 540 equibus

252 570 378 660 ‘ramuli
400 569 483 634 haud
505 587 574 633 raro
597 566 799 651 copiosissimi
823 565 1030 650 egrediuntur,
1053 564 1239 648 byssumque
1261 562 1350 627 illum
1373 559 1544 627 coniervoi-

267 672 358 739 deum
381 671 559 748 efformant,
590 670 703 753 inquo
727 668 885 753 plantulae
908 667 1046 733 novellae
1069 665 1242 730 nidulantes
1266 664 1477 748 reperiuntur,
1512 664 1544 727 et

266 795 358 860 quem
374 775 584 860 praeludium
602 772 864 858 prccndryonw
885 769 1059 848 nominari,
1093 769 1130 832 ut
1152 767 1399 834 denominatione
1421 764 1544 850 proprie

266 899 286 944 a
307 878 403 944 simili
420 877 594 962 prothadio
616 877 765 952 rediculi,
789 875 827 940 de
849 894 909 958 quo
926 873 1006 938 inira
1021 871 1234 949 tractabimus,
1257 870 1475 955 distinguetur.
1508 869 1544 932 In

266 981 408 1067 plurimis
431 983 569 1047 attamen
600 981 718 1046 Muscis
752 979 956 1063 prothellium
986 978 1045 1042 hoc
1078 977 1148 1042 ante
1171 977 1346 1059 plantamm
1377 972 1544 1058 perfectam

267 1083 476 1151 evolutionem
498 1083 616 1169 effugit.

355 1186 468 1252 Planta
490 1187 558 1271 ipsa
580 1187 730 1272 originem
753 1205 840 1250 suam
863 1203 880 1248 e
902 1183 1014 1249 cellula
1037 1181 1167 1266 quadarn
1183 1179 1334 1247 filamenti
1350 1178 1546 1264 proembryo-

268 1291 347 1356 nelis
377 1289 482 1368 ducit,
511 1309 665 1374 nunquam
696 1309 712 1355 e
742 1287 906 1354 terminali.
952 1286 1062 1351 Plures
1085 1286 1265 1368 plerumque
1288 1303 1323 1348 cx
1347 1282 1454 1347 eodem
1476 1301 1547 1365 pro-

268 1392 381 1459 thallio
404 1395 572 1459 nascuntur
594 1393 715 1476 stirpes.

355 1493 475 1562 Cellula
497 1515 574 1579 quae
595 1495 752 1580 plantulae
774 1493 898 1557 initium
920 1491 1037 1576 incipit,
1062 1489 1262 1555 divisionibus
1279 1488 1410 1573 obliquis
1425 1487 1546 1554 diverso

269 1616 361 1663 sensu
375 1599 515 1682 repetitis
537 1600 670 1675 secatur,
693 1596 877 1678 tandemque
900 1595 931 1660 in
954 1594 1158 1679 glomenrlam
1175 1593 1410 1670 transmutetur,
1427 1611 1443 1657 e
1460 1592 1546 1676 cujus

269 1701 357 1784 parte
379 1701 534 1784 superiore
557 1701 654 1766 caulis
677 1699 811 1784 primum
833 1698 1043 1763 rudimentum
1065 1695 1220 1781 assurgit,
1248 1695 1322 1760 dum
1346 1714 1381 1760 ex
1405 1693 1546 1760 inferiore

268 1804 322 1870 fila
345 1804 486 1871 oriuntur
508 1803 691 1870 tenuissima
714 1803 831 1888 pallida
846 1802 968 1886 oblique
985 1801 1116 1885 septate,
1139 1819 1226 1884 quae,
1250 1799 1394 1866 deorsum
1410 1818 1547 1864 crescen-

269 1907 324 1988 tia,
347 1906 501 1977 radiculos
523 1907 686 1991 primarias
709 1906 839 1991 fingnnnt.

356 2010 560 2078 mulmento
584 2011 768 2086 evolutione,
792 2009 888 2075 caulis
912 2028 979 2074 sese
1001 2008 1085 2075 foliis
1101 2007 1257 2093 gradatim
1268 2006 1435 2090 maj0ribus
1451 2007 1546 2072 vestit

269 2113 363 2198 atque
396 2133 413 2177 e
442 2113 508 2179 basi
536 2113 653 2179 radices
683 2111 908 2178 numerosiores
930 2110 1074 2177 fortiores
1097 2111 1277 2195 plerumque
1300 2109 1454 2175 coloratas
1476 2128 1546 2194 pro-

269 2215 388 2295 trudit,
421 2217 468 2282 ite
496 2219 532 2281 ut
554 2235 667 2302 paucos
689 2216 761 2300 post
783 2234 903 2282 menses
927 2215 1066 2300 plantam
1089 2213 1256 2298 perfectam
1279 2215 1371 2298 atque
1394 2213 1433 2278 ad
1456 2213 1546 2280 flores

270 2319 472 2405 procreandos
497 2321 636 2404 paratam
660 2321 730 2386 ante
753 2319 858 2386 ocnnlos
880 2319 1028 2384 babeas*.

270 2534 296 2604 fi.
320 2535 348 2592 2.
394 2535 435 2592 De
471 2533 684 2609 propagatione
717 2551 732 2593 e
761 2533 918 2608 prothadio
951 2533 1090 2604 radicati,
1123 2552 1138 2592 e
1170 2533 1329 2592 tuberculis
1360 2533 1547 2602 radientibus,

133 2694 134 2698 ,
269 2655 285 2696 e
307 2636 468 2712 gemmulis,
488 2653 542 2694 nec
564 2653 622 2695 non
644 2655 660 2695 e
683 2636 795 2696 cellulis
816 2637 940 2712 singulis
963 2657 978 2696 e
1001 2637 1094 2696 caulis
1110 2637 1155 2696 vel
1172 2637 1304 2698 loliorum
1321 2637 1546 2712 perenehymato

796 2740 1025 2816 erumpentibus.

356 2887 535 2956 blascorum
570 2889 752 2974 propagatio
776 2889 876 2956 multo
899 2890 1000 2954 minus
1024 2888 1182 2955 seminulis
1205 2889 1338 2954 efficitur
1360 2907 1451 2972 quam
1474 2907 1546 2970 pro·

269 2991 407 3077 pegulis,
430 3010 508 3056 nunc
531 2991 809 3075 gemmiiorrnibus,
834 3011 913 3058 nune
935 2993 1172 3068 tuberculeceis,
1203 3012 1281 3058 nunc
1304 2991 1507 3058 filamentosis
1530 3009 1547 3054 e

269 3094 393 3178 plantae
414 3094 554 3177 partibus
577 3094 707 3161 diversis
729 3096 965 3180 egredientibus,
989 3117 1068 3162 nune
1091 3097 1215 3162 tandem
1237 3096 1366 3162 muralis
1389 3096 1439 3160 nel
1461 3094 1545 3160 loliis

268 3197 404 3263 deciduis
428 3199 459 3262 et
482 3217 637 3264 ramorum
669 3198 699 3263 in
723 3199 830 3266 eadem
853 3201 949 3284 stirpe
971 3200 1229 3284 multiplicatione
1252 3201 1344 3284 atque
1366 3200 1397 3264 in
1419 3198 1544 3283 plantas

268 3301 406 3368 novellos
429 3302 697 3368 transmutatione.

355 3403 468 3470 Omnes
497 3403 561 3471 lere
594 3405 710 3488 species
744 3407 819 3472 illae
845 3426 922 3490 quae
951 3425 1067 3472 annuae
1104 3406 1248 3472 dicuntur
1285 3424 1392 3472 revera
1421 3404 1547 3470 minime

268 3523 385 3573 annuae
407 3509 488 3585 sunt,
511 3508 583 3593 quia
605 3507 832 3576 individuorum
856 3509 920 3574 vita
943 3529 1003 3576 non
1026 3509 1135 3593 sporis,
1159 3509 1212 3574 sed
1235 3508 1404 3592 protballio
1427 3527 1444 3572 e
1464 3506 1546 3572 radi-

267 3609 352 3676 cibus
375 3611 611 3694 persistentibus
635 3611 719 3691 neto,
744 3612 793 3677 vel
816 3613 995 3691 tuberculis,
1020 3612 1069 3678 vel
1092 3613 1219 3678 ramulis
1243 3611 1450 3677 radicantibus
1472 3629 1545 3677 con·

266 3712 418 3780 tinuatur.

354 3815 542 3902 Propagatio
574 3817 787 3901 sprotbodie
816 3819 955 3884 rediculi
985 3819 1005 3884 i.
1030 3837 1056 3885 e.
1088 3837 1104 3884 e
1137 3819 1290 3884 radicibus
1312 3819 1545 3904 asssugcntibus

266 3919 488 4004 protballiique
511 3919 646 3988 indolem
668 3921 875 4000 induentibus,
897 3923 1079 4006 praeprimis
1104 3923 1184 4006 apud
1200 3921 1387 4007 &pleone-o,
1412 3921 1545 3986 Scbisto·

266 4029 394 4106 mom,
416 4023 586 4108 Splocdno,
610 4023 796 4108 discedam,
819 4025 945 4090 Maium
964 4033 1162 4110 paractetum,
1186 4027 1350 4111 Pogonuto
1373 4025 1543 4090 alcidae*

267 4129 326 4194 etc.
351 4129 494 4195 occurrit.

352 4231 540 4317 Propagatio
571 4253 587 4298 e
618 4234 786 4298 iubendis
817 4235 958 4318 plurimis
985 4235 1099 4302 muscis
1131 4233 1255 4319 propria
1284 4235 1350 4299 est:
1384 4233 1546 4302 tubercula

264 4521 278 4578 Ι
372 4437 481 4580 Hidlc
505 4438 581 4508 plura
610 4437 642 4492 dc
661 4437 748 4494 bisin
769 4436 1032 4496 W.Pa.Scmn
1051 4439 1216 4497 Rubercber
1233 4438 1398 4512 merpboleg.
1434 4436 1501 4494 dab.
1519 4435 1545 4496 1.

279 4538 357 4582 mnes
397 4541 441 4579 a.
475 4563 483 4580 .
1447 4554 1455 4574 ·

354 4609 384 4642 *⁸
409 4609 470 4668 vid
490 4609 531 4666 W.
551 4611 600 4668 Pa.
618 4609 756 4668 Somnus
773 4611 867 4668 icones
884 4609 950 4670 'lab
969 4611 1007 4670 n.
