3290 5214
611 265 786 339 amasco.
1288 265 1338 330 xv

82 449 218 518 videntur.
262 447 370 516 llores
389 449 518 534 hujusce
540 449 663 537 generis
684 451 721 514 nt
743 451 776 518 et
797 447 944 517 discoidei
966 447 1076 534 quibem
1091 449 1232 518 bracteae
1247 447 1343 516 inter·

82 555 183 618 mistae
204 557 283 630 suut,
306 554 411 637 potius
434 553 695 638 infloreqeentiam
718 572 809 638 qnam
833 553 950 620 florem.
963 554 1118 638 singulum
1143 555 1277 620 sistsmt..

156 675 255 740 Floras
284 673 432 740 discoidei
461 676 493 738 et
515 673 674 741 anthoidei
696 673 727 737 in
749 672 824 744 solis
847 673 962 739 muscis
985 673 1093 740 dioicis
1116 673 1215 740 adhuc
1240 675 1344 741 ohser-

83 779 137 843 vati
157 779 233 844 suut.
308 805 312 810 ’

313 995 340 1063 ἕ.
366 997 394 1052 5.
434 993 475 1052 De
499 992 578 1055 doris
601 991 724 1052 masculi
747 991 866 1065 organis
888 991 1090 1052 soxualihus‘.

157 1145 272 1234 Organa
293 1149 435 1215 muscula
452 1149 646 1226 hluscorum,
671 1168 725 1232 pro
747 1148 884 1232 ipsomm
907 1149 1109 1216 similitudine
1131 1151 1343 1237 physiologica

88 1267 143 1314 cum
163 1253 331 1336 plantarum
354 1253 655 1340 phanerogamarum
678 1249 825 1330 authoris,
850 1251 1029 1317 onlhevddv'c
1053 1257 1211 1320 vocentur.

159 1373 374 1439 Amhmdium
398 1395 415 1440 e
437 1373 554 1442 duabus
576 1371 716 1457 partibus
740 1372 944 1456 compositum
967 1373 1128 1457 reperitur,
1152 1394 1187 1442 ex
1210 1376 1342 1444 utriculo

90 1494 178 1560 nempe
198 1475 342 1546 cellnloso
367 1479 633 1563 spermetophoro,
657 1476 743 1558 cujus
766 1476 865 1542 iorma
888 1477 968 1544 inter
983 1479 1102 1546 ovnlem
1119 1480 1150 1544 et
1166 1479 1342 1566 elongatam

90 1579 171 1643 vadat
191 1583 221 1646 et
241 1601 310 1648 roro
332 1584 463 1667 globoso
485 1585 542 1659 cst,
566 1584 599 1647 et
624 1601 640 1646 e
662 1579 820 1664 pedicone,
845 1599 924 1646 nunc
943 1581 1028 1648 brevi
1042 1601 1122 1648 nunc
1138 1583 1341 1668 longiusculo,

90 1679 255 1748 dementum
277 1685 481 1752 antherarum
502 1685 682 1750 mentiente.

161 1803 323 1882 liniemus,
346 1805 421 1870 dum
443 1825 580 1871 massam
602 1803 858 1887 spermetoideam
881 1806 1040 1872 continens
1064 1805 1255 1886 observatur,
1278 1811 1344 1873 tur-

91 1923 204 1990 gessem,
225 1910 332 1976 viridis
354 1910 499 1996 epieeque
522 1908 669 1994 hyalinus
692 1905 804 1984 avadit,
827 1925 941 1974 vaenue
962 1909 1096 1993 primurn
1111 1909 1257 1993 hyalinus
1273 1909 1345 1977 dae·

91 2007 176 2088 ddns,
204 2014 325 2082 taudem
347 2015 522 2082 lascescens
555 2014 605 2080 vel
632 2013 743 2080 mhens
774 2030 904 2096 rugosus
935 2015 1028 2098 atque
1059 2033 1252 2098 compressus
1274 2033 1346 2080 cou-

163 2236 259 2306 ΜΝ
280 2241 507 2324 epermntoideo
528 2242 596 2325 ipsa
619 2259 636 2306 e
657 2239 777 2323 liquore
798 2239 943 2306 consistit
964 2259 1104 2307 muscoso
1128 2241 1160 2305 in
1182 2259 1243 2324 quo
1259 2261 1346 2326 eper-

92 2343 257 2408 outoeoide'u
285 2344 646 2412 snhclavato-iililormia·
673 2341 812 2408 hmiliata
839 2341 997 2426 spiraliter
1025 2341 1165 2409 involuta
1187 2343 1339 2408 innatant.

92 2439 301 2512 lenunculus
332 2453 474 2532 tompore
506 2447 644 2514 instante
674 2443 840 2512 antheridii
872 2462 948 2528 apex
970 2444 1116 2529 hyalinus
1137 2447 1289 2529 turgescit
1311 2449 1344 2514 et

93 2544 208 2624 aperitin
220 2550 401 2639 humerique
417 2554 520 2622 vivido
536 2557 623 2620 motu
640 2550 766 2638 expulso
783 2549 899 2614 exitum
915 2549 1050 2633 praehet.
1082 2549 1344 2635 Spermctoacidic

93 2645 314 2725 (octomela
347 2656 437 2740 aliis)
471 2657 653 2742 captivitate
682 2673 739 2720 sua
771 2653 902 2719 liberata
933 2655 1020 2720 motu
1042 2655 1164 2738 proprio
1187 2656 1344 2740 spiraliter

95 2753 281 2836 progrediente
299 2761 503 2846 undequaque
525 2760 691 2838 dissiliunt,
714 2760 760 2825 ita
775 2761 811 2824 ut
826 2759 1010 2825 animalcula
1026 2760 1238 2844 progressione
1254 2779 1344 2845 spon·

96 2853 169 2921 unm
187 2862 348 2943 gaudentia
369 2867 446 2930 ante
469 2865 573 2932 oculos
595 2865 708 2930 hebere
728 2863 854 2928 diceres.

164 2979 409 3053 lutheridiorum
432 3005 575 3051 numerus
596 2986 628 3050 in
649 2984 813 3070 generibus
837 2981 1025 3068 singulisque
1041 2981 1197 3065 speciebus
1213 2983 1344 3054 menime

97 3079 177 3146 vadat
196 3086 224 3148 el
245 3087 275 3152 in
297 3089 407 3155 eadem
430 3089 530 3172 specie
553 3107 614 3154 non
637 3106 755 3172 semper
777 3086 857 3150 idem
881 3085 1046 3150 iuvenitur.
1091 3086 1127 3151 In
1162 3085 1223 3152 alia
1245 3087 1345 3170 specie

96 3177 142 3247 duo
159 3188 339 3258 solummodo
364 3192 415 3258 vel
438 3191 499 3258 tria
522 3191 645 3270 adsunt,
669 3191 700 3256 in
723 3189 785 3253 alia
808 3186 1022 3272 quodraginta,
1044 3189 1168 3254 centnm
1192 3191 1223 3254 ot
1245 3191 1343 3272 plura.

98 3279 233 3372 Petigcnia
262 3292 491 3378 gemmiformia
513 3293 657 3377 pauciora
679 3293 856 3369 continent,
886 3311 975 3375 quam
1001 3291 1153 3358 discoidea
1176 3295 1269 3377 atque
1290 3312 1346 3358 an·

99 3385 208 3457 thuidos
886 3457 889 3466 .

165 3509 365 3601 Pamphpses,
396 3536 474 3600 quae
497 3517 679 3584 antheridiis
708 3519 886 3584 intermixta
919 3519 967 3584 vol
995 3518 1038 3583 eis
1061 3518 1238 3584 circumsita
1262 3521 1344 3597 suut,

98 3609 147 3674 hm
167 3633 281 3686 numero
304 3641 398 3704 quam
422 3621 522 3688 forma
544 3624 636 3705 atque
658 3624 760 3692 colore
785 3623 917 3688 multum
940 3621 1021 3688 inter
1037 3641 1069 3688 se
1084 3621 1238 3687 differumt.
1270 3621 1345 3688 lili-

98 3707 199 3794 souuos,
219 3720 285 3804 plus
307 3725 412 3790 minus
435 3743 635 3804 numerosae,
658 3725 840 3791 antheridiis
862 3724 1033 3810 longiores,
1058 3723 1158 3788 rarius
1180 3724 1344 3805 breviores,

99 3811 295 3908 hoengcniis
325 3827 513 3913 gemmaceis
544 3831 576 3893 et
606 3829 751 3913 capitatis
781 3829 869 3905 sunt,
908 3827 1102 3892 subclevatee
1124 3827 1172 3891 ·in
1203 3827 1346 3912 capituli-

99 3914 228 4004 icrmlhns,
250 3931 390 3998 clavatae
413 3935 463 3999 vel
487 3933 602 4016 apicem
628 3951 733 3998 versus
757 3951 773 3997 e
795 3931 916 3996 cellulis
931 3929 1088 4014 ampliatis
1104 3928 1240 4014 globosis
1263 3951 1346 3998 com·

99 4024 201 4104 positae,
220 4031 251 4096 in
273 4036 382 4099 multis
405 4034 574 4119 pevigouiis
598 4034 778 4110 discoideis;
807 4033 969 4099 fihformes
992 4035 1024 4097 et
1048 4032 1253 4117 spathulatae,
1278 4035 1346 4101 lone

99 4123 217 4204 ssimae
237 4135 268 4201 in
289 4137 450 4222 perigonio
474 4136 649 4204 anthoideo.
695 4137 728 4204 Si
750 4139 884 4204 colorem
908 4137 1053 4221 respicias
1069 4137 1255 4222 paraphyses
1272 4138 1346 4204 viri·

99 4223 139 4291 des
158 4237 343 4322 granulisque
365 4239 628 4323 chlorophyllcsis
650 4240 795 4323 impletas
817 4240 953 4304 invenies
975 4240 1008 4303 in
1035 4239 1122 4323 Bryo
1145 4261 1232 4305 roseo
1255 4259 1280 4305 e.
1305 4259 1344 4319 a„

100 4325 214 4410 hillinas
249 4341 408 4408 humorem
448 4359 597 4426 aquosum
634 4343 780 4410 vehentes
809 4345 841 4409 in
871 4343 1127 4428 Physconem,
1166 4343 1345 4430 Splochm'e,

102 4489 277 4514 *¹⁸¹*-

167 4591 179 4626 ⁸
200 4591 256 4652 vid
274 4596 366 4654 leones
384 4613 480 4670 orgum
499 4595 535 4652 ed
552 4595 663 4670 synope.
680 4597 746 4656 vsu.
760 4597 824 4658 vu.
