3022 5230
495 281 693 340 Grimmiaceee.
1172 279 1235 348 297

5 463 114 548 ippodes
136 462 318 528 Brebieeom‘
339 447 399 525 Ba.
423 460 457 525 et
479 457 551 526 Sca.
576 455 682 543 Brycl.
706 474 769 524 eur.
791 455 820 540 l,
836 475 862 523 c.

59 566 156 630 Hatit.
179 565 210 630 in
234 564 380 631 arborum
404 563 523 628 truncis
537 562 680 648 Angliae,
704 559 834 640 scotiae,
856 561 1021 642 blandino,
1043 561 1166 629 Galliae
1187 581 1237 627 oc·

5 670 135 746 danblim
166 671 232 753 ipse
261 669 337 736 duce
359 668 451 735 amic.
473 667 569 736 Ssow
591 669 624 733 ct
645 666 744 733 Wocn
766 685 813 749 pr.
836 665 950 752 Duilly
980 665 1012 732 in
1041 685 1127 750 pror.
1159 667 1237 733 Air-

5 773 56 838 tr're
73 774 136 860 legi
179 775 205 839 Id
228 773 413 840 rarioribus.

60 879 154 944 reue.
177 885 297 944 matur.
320 875 418 960 Majc.

59 1006 155 1067 Habitu
178 1009 207 1068 et
230 1005 372 1067 foliorum
395 1005 490 1065 colore
512 1005 698 1080 praecedenti
721 1002 836 1076 similis,
857 1002 1024 1079 gracilitate
1039 1005 1138 1065 tamen
1154 1005 1238 1080 plan·

5 1111 74 1164 urum,
91 1095 161 1154 toliis
183 1093 414 1169 angustioribus
436 1093 596 1166 subplauis
619 1092 741 1167 capsula
763 1091 933 1168 augustiore
956 1091 1030 1153 collo
1052 1093 1141 1167 atque
1157 1093 1238 1167 pedi·

5 1179 48 1237 odo
65 1181 232 1256 longioribus
255 1182 426 1251 instructa,
449 1183 602 1254 praesente
626 1178 794 1254 peristomic
816 1179 901 1239 facile
924 1178 1126 1255 distinguitur.
1171 1180 1237 1240 Non

5 1269 90 1340 mplius
108 1271 219 1328 dubium
243 1271 292 1327 est
315 1284 450 1327 muscum
473 1267 549 1326 hunc
563 1267 677 1344 Bessum
692 1268 858 1326 coooideum
873 1267 973 1326 Drcss.
996 1268 1027 1326 et
1043 1265 1238 1346 Zygodcotem

5 1357 78 1412 utorio.
96 1377 114 1414 u
134 1357 224 1416 Heus.
249 1358 281 1414 et
305 1356 399 1414 Tam.
423 1370 504 1426 esse,
535 1371 637 1414 nomen
662 1354 754 1429 igitur
776 1371 794 1413 a
816 1354 908 1428 primo
931 1355 1049 1415 auctore
1071 1354 1098 1414 ei
1119 1354 1237 1429 imposi-

5 1447 49 1502 tum.
63 1444 116 1516 jure
136 1443 312 1519 prioritatis,
336 1441 517 1502 reddendum
539 1445 592 1501 est.

394 1653 426 1706 8.
462 1651 627 1719 zygodon
650 1649 811 1706 Novelli

506 1773 624 1831 Scurrrr.
647 1775 697 1831 mt.

60 1903 176 1985 binicus,
197 1905 266 1972 late
289 1902 489 1988 caespitem
522 1904 646 1986 plantae
676 1903 830 1970 masculae
852 1904 884 1968 et
905 1901 1069 1968 femininae
1090 1900 1239 1984 caespites

5 2001 121 2074 bunne
149 2008 355 2076 atro-virides
385 2006 507 2072 inferno
539 2007 621 2072 rufos
653 2007 831 2074 formantes.
877 2005 986 2073 Gaulos
1008 2004 1130 2072 centim.
1155 2005 1238 2070 2-5

5 2108 67 2191 orgi,
84 2111 187 2192 pluries
209 2111 317 2178 dirisi.
364 2111 458 2176 Folia
482 2110 628 2190 conferta,
651 2110 775 2176 humida
790 2108 1137 2196 subrccurro-patentia,
1160 2110 1241 2175 sicca

5 2223 47 2276 nne
64 2213 266 2294 incumbentia,
289 2215 440 2282 inferiora
463 2216 594 2298 anguste
612 2213 947 2298 elliptico-lanceolata,
970 2213 1128 2298 superiora
1142 2233 1160 2280 e
1173 2213 1241 2280 basi

5 2313 97 2400 oblonga
115 2338 242 2388 mucava
266 2323 403 2406 anguste
425 2320 616 2396 lanceolata,
640 2321 809 2386 retrorsum
830 2321 970 2401 arcuata,
993 2321 1082 2387 acute
1103 2318 1241 2386 carinata

5 2417 40 2480 dis
57 2424 169 2489 emedio
187 2426 382 2508 patentibus,
408 2423 496 2506 apice
516 2423 679 2490 denticulis
694 2425 849 2490 nonnullis
863 2424 1030 2510 majoribus
1045 2422 1240 2509 pluribusque

5 2521 91 2590 nbubs
109 2532 223 2596 senata
246 2530 299 2596 rel
323 2528 429 2594 solum
452 2527 661 2612 irregulariter
684 2547 784 2605 erose;
806 2530 894 2596 costa
916 2527 1084 2594 semitereti
1109 2533 1242 2614 angusta

5 2627 72 2692 nice
97 2633 357 2700 submualiculata
389 2631 479 2715 apice
509 2631 548 2697 ad
579 2631 701 2698 dorsum
734 2631 903 2714 bispiduiu3
934 2632 1052 2700 alarum
1083 2633 1241 2717 superficie

5 2729 85 2798 duob
104 2737 264 2819 pnpillcsa;
297 2737 424 2803 cellulis
459 2736 666 2817 superioribus
694 2735 828 2802 minimis
852 2736 1024 2803 rotundatis
1047 2737 1173 2820 pulchre
1194 2737 1242 2803 di·

5 2835 99 2916 men,
118 2842 184 2923 plus
205 2843 314 2907 minus
338 2839 614 2922 cblorophyllosis,
638 2839 823 2908 basilaribus
845 2839 990 2926 oblongo·
1012 2842 1045 2906 et
1067 2841 1242 2925 hexagono-

5 2944 165 3028 margila,
202 2964 316 3014 uersus
348 2944 524 3028 marginem
557 2945 744 3022 minoribus,
783 2945 1042 3029 pacbydermicis,
1071 2945 1244 3028 diaphonia.

5 3041 76 3110 dores
101 3050 225 3116 masculi
258 3051 293 3114 in
325 3048 446 3132 plantis
468 3047 559 3130 paulo
581 3048 793 3132 gracilioribus
815 3048 1010 3130 termmales,
1042 3046 1245 3116 crassiuscule

5 3151 197 3236 gmuiiormes,
219 3153 308 3219 foliis
332 3151 577 3236 perigenialibus
599 3153 700 3218 oratis
723 3152 914 3234 acuminatis,
937 3153 1037 3220 cenu-
1054 3155 1085 3220 ot
1100 3151 1245 3218 evanido-

5 3255 113 3332 ostatis,
147 3255 334 3323 antberidiis
367 3257 400 3320 et
430 3256 651 3340 parapbpsibus
685 3257 865 3326 numerosis.
909 3257 1067 3343 Vaginula
1103 3255 1244 3339 oblonga,

5 3358 182 3443 prophyrium
204 3360 377 3444 permultis
400 3357 591 3423 circumsita.
635 3359 783 3444 Calyptra
811 3360 1011 3446 longiuscula.
1057 3358 1191 3443 capsula
1213 3359 1245 3424 in

5 3455 111 3532 rebelle
135 3463 259 3528 millim.
289 3461 378 3527 4-5
402 3460 496 3543 longo
528 3461 730 3528 ualidiusculo
761 3464 878 3530 inferne
908 3465 974 3530 rulo
997 3463 1245 3550 oblongo-cylin-

5 3555 69 3638 ldm,
88 3566 205 3645 ddum,
228 3567 316 3632 sicca
338 3565 504 3630 postulata.
550 3564 732 3647 Operculum
754 3569 934 3634 nostratum.
977 3568 1156 3636 Poristomii
1171 3569 1245 3635 dcu-

5 3665 35 3723 trs
51 3665 68 3728 8
84 3667 261 3752 bigeminati
283 3667 468 3748 latiusculi,
498 3667 563 3734 solo
594 3669 680 3751 apice
710 3670 870 3753 bipartiti,
901 3670 1023 3758 illisque
1046 3673 1083 3738 Ζ.
1107 3672 1247 3740 conoidci

5 3763 104 3850 dude,
132 3773 273 3840 articulis
305 3773 481 3836 numerosis
503 3773 621 3837 minute
643 3773 869 3853 vermiculatim
900 3775 980 3844 ciliis
1001 3777 1022 3844 8
1045 3775 1247 3860 interpositis,

5 3871 86 3944 {urbm
104 3876 241 3944 dentibus
267 3873 520 3944 adhaerentibus.

5 3985 120 4072 Zroodoo
138 4000 273 4084 gracilis
296 3996 434 4063 wnsoo
455 3997 527 4062 met.
560 3998 807 4083 Amphoro'dium
827 4000 947 4084 gracile
969 4001 1017 4068 Da
1038 4001 1117 4066 Nor.
1141 3998 1221 4082 lipil.

6 4087 56 4160 lu.
75 4105 99 4176 β,
120 4103 239 4188 alpina.
286 4098 453 4182 caespites
487 4111 630 4182 superne*
648 4101 729 4168 lacte
752 4100 886 4177 virides,
915 4102 1031 4170 mleme
1053 4101 1247 4168 mlescentes.

85 4203 164 4271 lolia
185 4205 351 4282 breviora,
388 4203 513 4284 paulum
547 4203 709 4284 solidiora,
742 4205 783 4272 ad
805 4201 923 4285 apicem
945 4205 1064 4289 saepius
1086 4202 1249 4269 denticulis

85 4305 241 4390 destituta,
264 4309 328 4376 reti
352 4307 476 4390 paulum
501 4306 686 4392 angustiore.

69 4427 165 4496 Hodo‘t.
187 4431 220 4496 in
242 4431 345 4498 muris
369 4427 500 4494 uetustis
522 4447 540 4494 e
563 4447 634 4494 saxo
656 4429 795 4497 calcares
818 4425 992 4505 exstructis,
1015 4424 1097 4490 socia
1113 4423 1250 4488 Pseudo-

6 4519 283 4614 luterbacense,
307 4532 349 4598 ad
373 4531 588 4598 Middleboooe
609 4551 703 4616 prope
727 4531 876 4600 Multum
897 4529 929 4593 et
950 4546 996 4609 pr.
1020 4525 1197 4592 mommo
1220 4526 1252 4593 in

5 4629 84 4694 unit.
111 4634 298 4720 Ycrtotirc,
322 4633 380 4702 ubi
400 4634 438 4702 cl
463 4635 494 4704 J.
517 4636 653 4706 Nouato
676 4654 757 4706 anno
782 4629 868 4704 1856
890 4628 1007 4698 detemt
1028 4627 1060 4692 et
1081 4625 1255 4710 Septembri
