3374 5250
686 347 828 424 Butam
1328 352 1391 423 525

112 535 220 592 contra
242 551 261 592 a
284 534 353 594 clar.
376 536 404 594 J.
427 535 549 596 Hoonnn
571 539 600 596 ot
623 538 762 596 'lacuscin
784 538 814 596 in
838 553 875 595 m.
898 536 1032 596 tibetano
1056 533 1160 594 Nutra
1183 534 1261 595 lecta
1284 537 1313 596 ot
1338 537 1392 596 sub

110 621 170 679 No.
187 620 250 678 686
273 623 484 683 communicata
507 624 638 698 specifico
662 624 777 683 divorsa
800 627 845 682 est
867 621 912 696 (T.
935 623 1066 682 Hoerner
1089 622 1182 695 mihi).

546 835 577 890 2.
610 833 755 890 'simmia
777 833 959 890 austriaca.

605 935 708 996 Hnnw.
733 937 780 1010 Sp.
804 937 895 996 blnsc.

202 1079 319 1161 Dioics,
342 1082 538 1165 praecedente
560 1083 671 1151 elutior
694 1086 725 1151 et
748 1084 911 1152 robustior.
949 1084 1075 1150 Folius
1098 1084 1165 1150 basi
1187 1083 1282 1150 sltins
1305 1085 1394 1169 vagi·

109 1185 208 1249 nante
230 1185 559 1254 curantis-lutescente
581 1188 705 1272 paulum
731 1187 879 1264 breviora,
902 1186 1058 1265 solidiora,
1081 1186 1221 1254 siccitate
1244 1189 1391 1272 margini·

109 1287 170 1352 bus
193 1288 294 1354 minus
315 1289 427 1356 inflexa
447 1290 606 1374 minusque
629 1295 767 1369 curnula,
791 1286 1084 1358 latescenti-riridia
1107 1289 1274 1369 subnitida,
1296 1310 1392 1374 usque

109 1408 218 1456 versus
241 1391 329 1458 busin
351 1395 551 1478 saginantem
573 1395 816 1462 inciso-serrata.
847 1393 947 1460 Pluris
970 1393 1099 1460 masculi
1122 1393 1196 1460 folia
1218 1395 1392 1479 perigonis-

110 1493 157 1561 iia
178 1497 273 1582 longe
294 1498 473 1582 vsginsntia
493 1497 578 1582 apice
601 1499 757 1582 patentis,
789 1498 964 1566 autberidia
986 1498 1085 1564 multo
1108 1497 1248 1582 longiora
1270 1498 1392 1564 brevius

110 1598 303 1681 podicellats,
325 1601 549 1686 pumpbysibus
572 1603 778 1690 statuissetis,
808 1602 894 1668 floris
917 1601 1039 1668 feminei
1062 1598 1190 1685 stylidia
1212 1600 1392 1686 urcbegoni-

111 1721 200 1768 omm
223 1702 412 1790 longissimo.
444 1706 596 1790 Vuginula
619 1707 699 1774 baud
722 1707 840 1774 foliosa.
873 1706 1007 1790 Capsula
1029 1705 1059 1771 in
1083 1702 1232 1788 pediculio
1255 1705 1394 1788 longiore
1462 1715 1467 1724 ·

110 1806 331 1889 horizontalis,
364 1809 482 1876 ecollo
504 1810 694 1896 longiusculo
717 1810 976 1895 ovato-oblonga,
1008 1808 1223 1887 rulo-striata,
1257 1807 1393 1887 solidior,

110 1911 193 1977 sicca
215 1913 345 1978 rosum
390 1913 573 1996 Operculum
595 1915 658 1981 alte
681 1933 865 1994 convexum,
900 1915 1014 1980 vertice
1047 1912 1164 1996 papilla
1196 1913 1391 1990 instructum,

110 2016 251 2082 saturato
280 2016 465 2083 curantium.
513 2017 689 2084 Psristomii
718 2018 823 2084 dentes
853 2017 1022 2103 longiores,
1056 2016 1171 2082 inferne
1201 2015 1240 2082 ad
1271 2017 1391 2099 partem

109 2118 227 2186 luteum
249 2118 330 2185 baud
353 2119 544 2202 punctulati;
567 2121 680 2188 interni
702 2122 881 2189 membrana
903 2120 1023 2199 tenuis,
1046 2119 1181 2203 pallida,
1204 2119 1275 2185 cilis
1298 2137 1393 2201 punc

108 2221 235 2302 tulela,
273 2222 353 2290 haud
390 2222 633 2306 appendiculuts.
680 2227 756 2292 Rets
787 2226 981 2292 membranae
1014 2223 1183 2307 capsulsris
1223 2223 1391 2290 sinuosum.
1497 2277 1500 2283 .

109 2325 226 2409 Sperne
251 2326 563 2412 luteo-ferrugineas,
597 2330 717 2404 laeves,
752 2330 815 2396 illis
845 2328 1053 2412 praecedentis
1088 2328 1239 2411 aequales.
1284 2328 1390 2411 Bryoi.

110 2448 176 2495 eur.
201 2429 270 2497 Vol.
287 2429 342 2509 IV,
365 2430 442 2497 Tab.
459 2431 532 2496 408.

113 2551 252 2618 limonio
281 2553 445 2618 austriaca
475 2555 583 2618 trunco
615 2553 748 2637 simplici
777 2559 897 2634 erecto,
928 2552 1010 2620 loliis
1033 2573 1049 2620 e
1071 2553 1137 2619 bssi
1160 2551 1393 2619 membranacea

219 2657 433 2740 ampleximuli
462 2655 625 2724 imbricata
660 2658 776 2740 patulis
810 2658 956 2737 serratis,
994 2657 1168 2743 sporangiis
1200 2655 1392 2734 nutantibus,

219 2761 361 2844 operculo
383 2778 515 2827 convexo
536 2761 696 2845 pspillato.
741 2763 853 2830 Hnnu.
876 2761 928 2844 Sp.
951 2761 1049 2828 Musc.
1073 2780 1102 2844 p.
1133 2759 1201 2840 176,
1225 2762 1249 2825 t.
1272 2758 1325 2824 42.

153 2863 338 2932 Scnwsnnu.
370 2864 477 2949 Suppl.
523 2865 613 2932 Wnu.
643 2867 676 2933 et
708 2865 806 2932 Mona
838 2867 876 2932 B.
908 2865 944 2931 Τ.
990 2865 1165 2930 winusus.
1194 2864 1277 2929 uror.
1308 2864 1390 2945 lapp.

218 2969 364 3036 Hussnss
386 2967 556 3036 Commeat.
579 2969 617 3037 de
642 2970 786 3036 Tirnmiu.
832 2971 920 3034 Bnrn.
943 2969 1049 3053 Brpol.
1072 2967 1155 3034 univ.
1201 2968 1250 3032 Du
1269 2965 1390 3032 Nossa.

219 3075 295 3160 Syll.
318 3077 351 3142 et
374 3075 455 3158 Epil.
486 3077 544 3142 Ba.
569 3078 600 3140 et
616 3076 688 3142 Sca.
711 3077 816 3160 Bryol.
840 3096 904 3144 eur.
943 3077 976 3142 0.
1001 3075 1136 3141 mounes
1159 3073 1232 3157 Syn.
1261 3073 1389 3138 Hennes.

220 3179 334 3246 Sksnd.
355 3180 404 3245 sl.
449 3181 579 3246 Wrnsou
603 3181 707 3264 Bryol.
731 3181 810 3247 Brit.

197 3317 306 3383 Hubs't.
330 3317 361 3382 in
383 3318 529 3384 Austriao
551 3339 593 3384 m.
619 3319 818 3405 Scbneebmp,
841 3319 892 3386 ubi
915 3321 954 3386 ol.
979 3319 1117 3385 anunm
1139 3315 1265 3396 deterit,
1288 3315 1390 3382 caete·

107 3441 181 3488 rrum
203 3421 235 3487 in
259 3422 419 3507 sylvaticis
443 3424 606 3503 umbrosis,
629 3425 661 3490 in
683 3425 889 3508 crepidinibus
912 3423 1080 3490 rivulorum
1097 3441 1150 3505 por
1166 3422 1268 3488 totum
1281 3419 1390 3504 jugum

105 3526 247 3610 alpinum
271 3530 337 3594 tum
361 3531 572 3614 germanicum
594 3550 688 3613 quem
710 3529 906 3608 helveticum,
929 3530 960 3595 in
977 3525 1154 3613 Pyrenaeis,
1177 3523 1335 3604 Cebennis,
1358 3523 1390 3588 in

106 3631 281 3715 Hercynis,
312 3633 344 3698 in
368 3633 530 3699 Britannis
565 3635 617 3699 ubi
640 3633 773 3713 sterilis,
804 3635 834 3699 in
860 3633 985 3700 Sueciae
1006 3636 1038 3698 et
1059 3632 1233 3718 Norvegiae
1255 3649 1310 3696 nec
1331 3647 1390 3695 non

105 3735 284 3818 liupponise
307 3736 479 3819 depressis,
502 3737 658 3803 montanis
682 3741 713 3804 et
736 3737 923 3821 subalpinis,
956 3735 1116 3820 sporsdics
1138 3737 1170 3801 et
1192 3733 1392 3817 praecedente

105 3839 209 3906 multo
240 3841 349 3906 rarior.
395 3840 638 3907 Pulcherrimum
671 3845 702 3908 et
733 3842 810 3908 setis
845 3841 999 3924 copiosam
1031 3841 1062 3904 in
1085 3839 1228 3905 Valesius
1250 3837 1391 3920 Alpibus,

111 3944 299 4029 praeprimis
322 3965 366 4028 pr.
390 3946 530 4012 Zermott
552 3949 583 4012 et
607 3948 638 4011 in
661 3949 834 4032 arrepturo,
858 3945 1024 4013 observavi.

201 4049 310 4114 Fromt.
334 4059 451 4116 matur.
475 4053 603 4117 aestate.
678 4031 694 4062 ”

199 4176 399 4253 Distinguitnr
422 4198 439 4237 a
466 4177 497 4238 Τ.
521 4180 735 4256 roepapolitouc
758 4195 815 4238 non
839 4177 931 4238 solnm
954 4175 1057 4237 babitu
1082 4174 1245 4236 robustiore
1269 4175 1299 4233 et
1321 4191 1390 4233 can·

106 4264 188 4322 libus
210 4263 409 4338 longioribus,
442 4267 493 4325 sed
524 4268 612 4326 otiam
640 4266 773 4326 foliorum
802 4266 895 4326 colore
925 4265 1076 4340 pallidiore
1106 4264 1143 4323 ad
1168 4261 1250 4321 basin
1274 4259 1391 4336 longius

107 4351 301 4425 saginandam
325 4352 444 4426 pulchre
467 4352 637 4424 lutescente,
661 4353 833 4412 antheridiis
858 4353 949 4412 multo
972 4349 1153 4427 longioribus
1175 4347 1292 4407 breuius
1308 4347 1390 4421 pedi·

108 4437 241 4508 cellatis,
264 4438 400 4511 capsulae
423 4439 597 4515 longicollus
620 4441 754 4515 operculo
777 4457 890 4514 semper
914 4439 1097 4513 papilligero,
1120 4434 1280 4510 peristomii
1296 4435 1391 4493 denti·

108 4525 168 4584 bus
191 4523 380 4600 longioribus,
403 4527 477 4586 ciliis
500 4529 578 4588 baud
601 4527 845 4603 appendiculstis.
