3316 5262
318 381 383 448 732
873 379 1039 452 Hypsaeus

318 565 475 624 exoanator
497 563 594 624 relide
616 565 646 624 et
667 564 732 624 lare
759 563 862 634 mutis,
890 563 962 623 retis
993 561 1151 637 superioris
1181 561 1361 638 augustioris
1391 559 1492 622 areolis
1518 561 1572 622 lou·

231 675 237 692 ·
319 651 460 726 gioribus,
482 651 711 729 angustioribus,
732 650 978 712 vermicularibus.

406 754 475 814 Ver.
497 754 518 828 β
540 755 582 816 nil
604 754 662 814 nisi
684 755 777 815 forma
798 754 949 814 luxurians
971 753 1090 828 plantae
1113 753 1252 813 normalis
1273 769 1335 813 asse
1358 752 1481 812 videtur.
1519 749 1575 810 cla·

320 839 384 901 ries.
407 842 493 902 Samo
516 843 675 918 specimina
696 859 786 918 prope
809 839 890 919 opos
911 840 1030 902 ditionis
1051 839 1289 916 regiemeutanae
1310 839 1388 900 lecta
1414 839 1482 900 mihi
1509 839 1576 896 misit

320 929 381 988 tam
404 930 534 1002 robusta,
556 933 590 990 ut
613 930 705 1005 primo
729 929 791 988 risu
814 927 935 988 sormam
958 926 1160 987 intermediam
1182 927 1259 988 inter
1275 925 1314 986 Η.
1329 925 1534 1005 lpoopodioidee
1552 929 1576 986 et

320 1013 359 1074 Η.
382 1019 559 1094 scorpioides
582 1017 758 1078 constituere
781 1015 944 1075 videantur.

709 1227 754 1284 11.
783 1225 953 1297 uppnum
974 1223 1202 1284 hemitolium.

444 1346 583 1422 Hypnum
605 1348 747 1408 munuum
770 1365 847 1408 verr.
870 1349 1020 1409 humatum
1043 1348 1074 1407 et
1095 1347 1269 1423 giganteum
1291 1345 1393 1421 qul.
1415 1362 1473 1404 eur.

411 1493 525 1561 Planta
547 1515 690 1579 prooem,
714 1496 930 1576 validiuseula,
962 1495 1156 1580 semipedalis
1178 1498 1211 1562 et
1233 1495 1369 1578 pedalis,
1399 1493 1581 1568 modiculm.

321 1597 519 1681 subsinplen
535 1599 719 1685 regulariter
734 1600 1041 1683 pinnato-ramulosa,
1056 1599 1183 1666 ramulis
1200 1599 1327 1682 patulis,
1342 1597 1495 1682 rigidum,
1513 1595 1581 1678 apos

320 1700 463 1767 foliorum
494 1705 658 1770 curvatura
685 1703 971 1772 incuruo-hamatis.
1015 1703 1102 1771 Folio
1135 1703 1259 1787 juniora
1294 1700 1580 1772 luteeeenti-viridia

321 1802 429 1882 nitida,
452 1805 614 1872 annosiore
635 1806 722 1874 fusea
742 1809 774 1873 et
787 1808 966 1886 atro-fusos,
989 1807 1091 1874 omnia
1105 1805 1311 1881 solidiusenla.
1336 1805 1502 1872 latiumule
1514 1803 1577 1870 eleu-

322 1909 595 1994 gato-tenesmon,
617 1911 809 1996 longiuscule
830 1910 1242 1995 cuspidiformiaeemiuata
1265 1910 1304 1976 ad
1327 1911 1463 1994 angulos
1484 1909 1576 1974 minute

324 2013 670 2092 excavato-auriculam:
708 2016 783 2082 retis
821 2015 944 2082 areolae
974 2015 1096 2082 intimae
1128 2013 1212 2080 basis
1243 2012 1397 2080 brevioris
1430 2013 1579 2098 hexsgom

323 2116 518 2201 reetaugulae
539 2116 630 2200 duplo
652 2119 806 2204 longiores
828 2137 918 2202 quam
942 2119 1035 2198 latae,
1057 2117 1263 2184 aumentarum
1285 2117 1471 2200 quadratae,
1492 2115 1579 2182 dune

323 2223 506 2304 peranguste
528 2221 900 2308 hexagono-reetaugulee
920 2222 1085 2308 longiores,
1108 2240 1215 2288 rusus
1235 2220 1358 2304 apieem
1383 2219 1580 2306 angustissime

324 2323 358 2389 et
380 2322 471 2408 louge
484 2323 797 2412 lineari-hexagonos,
820 2326 1007 2412 diaphame3
1029 2329 1116 2393 uesta
1130 2325 1244 2402 valida,
1267 2325 1380 2402 solida,
1403 2325 1579 2406 latiorquan

323 2445 442 2508 erasse,
475 2447 570 2513 usque
600 2449 706 2498 versus
737 2431 854 2516 apicem
885 2431 1049 2508 oeutiuua,
1077 2431 1240 2496 luteseens.
1284 2429 1397 2495 Floras
1428 2431 1461 2496 et
1484 2428 1580 2494 motos

323 2529 433 2615 ignoti.
476 2533 580 2617 Brpel.
604 2553 668 2601 eur.
691 2535 760 2601 Vol.
782 2534 837 2615 vl,
859 2535 934 2602 Tali.
958 2533 1033 2615 606,
1056 2534 1211 2621 Hypasim
1234 2533 1400 2600 aduam
1422 2551 1486 2598 var.
1507 2531 1581 2598 sio·

325 2643 445 2701 mum
467 2639 500 2703 et
521 2657 587 2707 rar.
611 2651 631 2722 ζ
650 2641 840 2725 pipantsoa.

412 2758 520 2827 Hodit.
552 2762 585 2828 in
617 2761 715 2845 pratis
738 2759 911 2848 spongiosis
935 2761 1071 2828 Doeatus
1094 2759 1326 2846 megapolitaui‚
1349 2758 1433 2828 unde
1454 2759 1576 2827 &uuit

327 2862 371 2928 H.
384 2863 597 2950 lycopodioidi
611 2864 796 2946 immixtum,
813 2865 915 2950 longis
929 2864 1040 2932 abhinc
1054 2862 1144 2931 aunis
1159 2861 1198 2930 ad
1210 2863 1299 2929 uum
1314 2863 1419 2941 misit,
1434 2863 1574 2929 ellim

325 2965 404 3052 legit
429 2966 510 3034 1825
533 2968 566 3034 in
587 2969 685 3053 protis
707 2968 871 3054 uliginosis
894 2987 987 3052 prope
1009 2969 1269 3052 Argentoratum,
1302 2967 1382 3034 elar.
1406 2967 1575 3034 sisinum

330 3069 413 3137 ¹874
444 3072 563 3156 copiose
595 3073 625 3138 in
658 3071 783 3156 aquosis
806 3071 933 3141 turiosis
960 3089 1054 3156 prope
1075 3071 1165 3158 Lycio
1195 3070 1322 3136 ditionis
1355 3071 1579 3156 regiemontsuee

326 3173 405 3260 legit
427 3175 459 3240 et
480 3175 615 3259 pulchris
639 3175 855 3260 speciminibus
878 3193 927 3242 me
948 3175 1089 3250 donavit,
1111 3175 1185 3242 alar.
1206 3174 1280 3241 Jou.
1303 3173 1442 3240 Munera
1464 3174 1494 3240 in
1513 3167 1579 3253 aquis

326 3277 476 3344 ealoiferis
497 3280 537 3346 ad
561 3278 704 3346 doulon
726 3297 819 3364 prope
842 3278 1008 3346 Generam.

413 3390 555 3451 Sectionis
577 3390 786 3452 validissimum
816 3392 912 3467 quoad
943 3389 1163 3452 comistentiaun
1195 3388 1308 3448 firmam
1338 3389 1435 3450 totius
1467 3387 1580 3464 plantae:

326 3475 418 3550 primo
441 3478 571 3538 examine
593 3477 672 3539 feliis
694 3477 812 3554 rigidis,
834 3476 925 3539 multo
948 3476 1075 3538 validius
1098 3477 1229 3544 aestatis,
1251 3477 1289 3536 ad
1312 3477 1441 3552 angulos
1463 3472 1579 3536 ludus

325 3562 419 3623 minus
441 3564 612 3624 aurieulatis
634 3567 672 3628 ab
695 3564 734 3625 Η.
756 3563 910 3624 Sendtoeri
931 3583 991 3626 var.
1014 3563 1035 3636 β
1057 3562 1305 3640 distinguendum.

412 3669 542 3742 Speciem
564 3670 640 3730 hano
663 3669 786 3730 maxime
809 3687 871 3729 eum
895 3670 982 3730 dubie
998 3669 1131 3740 instituo,
1154 3685 1218 3728 eum
1234 3668 1397 3744 specimina
1412 3665 1579 3727 adhueuete

326 3769 403 3828 aqua
425 3757 574 3817 submersa
597 3760 626 3815 et
648 3757 767 3817 floribus
790 3757 934 3816 destituta
957 3759 1036 3826 suut,
1059 3756 1182 3830 ideoque
1203 3755 1282 3815 haud
1305 3755 1362 3815 rite
1385 3753 1508 3816 evoluta

688 3967 737 4025 12
772 3965 940 4034 Hypnum
961 3963 1233 4036 lyoopedlotdes.

734 4085 904 4146 flauminum
927 4086 1028 4162 snppl.
1050 4086 1074 4154 1,
1097 4085 1131 4145 Ρ.
1150 4085 1190 4146 11.

412 4213 569 4292 Dioteum,
602 4234 780 4299 procerum,
812 4214 963 4298 caespites
994 4214 1158 4299 profundos
1181 4213 1291 4282 molles
1314 4230 1440 4297 superne
1459 4227 1476 4276 e
1496 4207 1573 4272 lutee

326 4315 635 4387 vindi-iuseeseentes
658 4320 773 4387 inferne
795 4319 1084 4406 usco-signantes
1100 4319 1247 4386 efficiens.
1277 4317 1381 4386 Cauiis
1403 4305 1573 4398 semipedssit

325 4422 357 4488 et
379 4419 481 4500 altior,
503 4422 769 4490 flexuoso-erectus
792 4423 840 4488 vel
863 4421 1057 4503 deoumbens
1080 4423 1192 4499 tauma
1214 4441 1305 4506 poree
1326 4421 1515 4490 doleamus.
1534 4429 1572 4476 t*

325 4523 417 4592 mulis
439 4525 594 4593 biseristis
617 4527 744 4593 remotis
766 4525 882 4610 patulis
905 4527 991 4610 apice
1006 4527 1150 4594 ineurvis.
1182 4527 1270 4595 Folia
1284 4523 1452 4612 majuscula
1465 4517 1571 4586 filati

325 4628 373 4697 rel
388 4629 679 4710 flexuoso-secunda,
694 4651 730 4698 ex
746 4632 838 4698 orato
854 4629 917 4696 late
932 4631 1274 4717 elongato-laneeolata,
1290 4627 1433 4716 profunde
1447 4623 1571 4690 ieiumi

327 4734 464 4814 minata,
497 4754 591 4818 usque
622 4753 729 4802 versus
751 4733 866 4820 apieem
892 4735 1129 4816 tenui-metata,
1160 4735 1276 4804 mollia
1321 4719 1568 4802 Parietaotiumifl
