3316 5262
321 361 386 429 ubo
871 362 1039 434 lippam
1176 455 1181 462 υ

320 535 463 621 validus),
484 537 578 605 dense
600 537 733 604 brovitu
753 537 880 622 longeva
902 537 1175 618 linoan-areoleta,
1198 537 1236 605 ad
1258 539 1547 623 angulosdeosrrentes

319 640 382 706 late
405 643 564 708 ereavatos
585 643 653 708 lare
674 642 953 722 buseo-roticulata,
977 642 1084 721 solide,
1107 660 1202 725 opaea
1222 643 1255 709 eb
1276 643 1425 726 subopaoa
1462 643 1549 708 l'lorss

200 774 201 778 ¹
318 744 419 810 dioioi.
463 743 596 828 Capena
617 747 680 812 alte
701 746 899 829 pedioollate‚
930 746 1113 830 majuscula,
1137 746 1269 832 oblonga
1289 749 1321 813 et
1342 748 1550 832 oblongo-sylin-

316 848 420 928 drioa,
442 868 461 916 e
482 849 561 916 eollo
583 851 683 916 erecto
705 868 824 928 oornua,
847 850 929 916 siooa
949 851 1084 917 nouam.
1129 849 1292 916 Habitatio
1325 851 1356 916 in
1383 851 1500 916 humidis
1526 853 1551 916 et

317 952 441 1034 aquosis
464 952 503 1019 ad
526 955 640 1020 onem
663 956 695 1020 eb
717 973 801 1022 saxa.

750 1176 798 1245 19.Ι
828 1175 995 1244 Ηγριιιιηι
1016 1173 1195 1232 filleinunu

781 1297 864 1356 nnn.
888 1297 970 1371 Spes.
993 1295 1112 1356 Plent?

402 1422 508 1491 Cauiis
529 1425 706 1508 prostratus
730 1427 779 1493 rel
802 1446 974 1513 assurgens,
996 1428 1098 1494 minus
1120 1427 1245 1506 solidus,
1266 1427 1459 1504 bomenbosus,
1477 1425 1556 1490 inter·

312 1528 401 1611 rupto
423 1527 738 1610 pinnato-ramulosue
760 1532 810 1597 vel
833 1532 1030 1616 subsimplex.
1060 1531 1149 1598 Folia
1171 1531 1290 1598 minora
1311 1531 1554 1606 faloawseounds,

311 1633 500 1719 subsedenda
522 1636 554 1699 eb
568 1635 700 1718 undique
714 1636 861 1720 patentia,
884 1637 1041 1722 rigidiora,
1064 1636 1345 1704 ovato-lauoeolaba
1360 1635 1437 1702 haud
1450 1633 1557 1708 sulcata,

311 1735 396 1802 oosta
419 1737 620 1820 subdepressa
643 1739 745 1805 valida
766 1740 800 1806 in
822 1740 939 1824 apicem
960 1741 1114 1820 coninua,
1136 1741 1196 1807 reti
1216 1741 1256 1806 ad
1278 1741 1406 1826 angulos
1420 1739 1558 1805 deournn·

310 1842 358 1906 tes
380 1841 443 1906 late
466 1843 627 1907 excavatus
650 1843 753 1910 subito
776 1843 864 1911 valde
886 1844 1017 1911 dilatabo
1039 1844 1191 1912 aurantio.
1235 1844 1420 1912 Periobaotii
1433 1840 1558 1910 brevioris

308 1943 383 2010 lolia
403 1943 575 2024 imbricata,
598 1945 720 2013 interna
740 1948 842 2014 minus
865 1949 995 2027 sulcata,
1018 1948 1102 2032 apioe
1125 1951 1253 2016 serrata.
1297 1947 1428 2032 Capsule
1448 1947 1558 2026 oblonga

309 2047 358 2113 vel
380 2047 557 2132 cylindriea,
580 2051 901 2132 subsannabo-semus,
924 2052 1064 2134 operculo
1079 2051 1333 2118 munero-eonion
1349 2053 1447 2130 muto,
1467 2045 1559 2115 annulo

309 2152 537 2237 angustissimo.
567 2154 789 2221 Peristomium
810 2155 1027 2238 praesedentis.
1059 2155 1163 2240 Bryol.
1180 2174 1242 2221 eur.
1259 2155 1396 2233 v01.v1,
1418 2154 1486 2220 Tab.
1500 2149 1559 2216 ool.

309 2273 464 2360 Hypnum
482 2275 638 2360 filietatem
660 2278 788 2343 suroulis
812 2276 958 2361 pinnatis,
981 2277 1109 2343 ramulis
1125 2275 1326 2356 distantibus,
1350 2275 1460 2343 foliolis
1475 2271 1560 2340 imbri·

413 2379 492 2447 eatis
513 2380 646 2447 inourvis
667 2381 767 2448 acutis
789 2381 938 2449 secundis.
982 2381 1073 2447 Lmn.
1097 2381 1148 2464 Sp.
1172 2381 1221 2446 Pl.
1244 2400 1273 2463 p.
1300 2379 1386 2448 loeo
1407 2379 1455 2466 (l).

351 2482 463 2550 Hnow.
486 2483 571 2568 Spes.
594 2484 692 2551 Musa.
714 2505 744 2568 p.
768 2485 852 2564 285,
875 2487 900 2552 t.
924 2484 974 2553 76.
1018 2487 1111 2552 Brun.
1134 2483 1238 2568 Bryol.
1261 2483 1347 2550 univ.
1393 2485 1439 2549 Dr
1460 2481 1558 2546 Nouus.

415 2587 492 2674 Syll.
537 2589 663 2655 Henna.
687 2589 801 2657 Skand.
824 2590 871 2658 ll.
915 2590 972 2655 Ba
996 2592 1028 2656 et
1049 2589 1122 2656 Sca.
1153 2589 1258 2674 Bryol.
1280 2607 1347 2655 eur.
1393 2587 1427 2655 c.
1447 2586 1559 2652 Musas

246 2735 248 2738 -
415 2693 543 2778 synope.
589 2693 720 2761 Wruson
742 2695 847 2779 Bryol.
870 2693 949 2759 Brit.

308 2797 554 2884 Amblyeseqiem
573 2797 728 2881 fidicinem
750 2799 799 2864 Dr
821 2797 942 2864 Norba.
966 2797 1047 2880 Epil.

308 2901 380 2970 Var.
404 2909 425 2982 β
448 2901 603 2968 embron
625 2902 846 2982 Bs1n.,oaule
867 2901 1042 2985 prostrato,
1064 2900 1148 2967 loliis
1170 2899 1363 2980 minoribus,
1386 2897 1554 2984 rigidioribus

417 3005 612 3072 subseoundie
636 3007 668 3071 eb
690 3005 875 3088 patentibus.

308 3110 463 3195 Hypasim
485 3110 615 3176 dabam
636 3110 744 3176 Drons.
767 3109 853 3175 Fuso.
876 3110 935 3176 ΙΙΙ.
979 3109 1077 3176 Surus
1100 3108 1191 3192 Engl.
1214 3108 1285 3173 Bob.

308 3215 383 3282 Ver.
405 3241 424 3300 γ
443 3217 660 3301 praedeseena,
683 3217 837 3298 pertenue,
860 3233 1015 3280 ramosum
1037 3216 1069 3280 et
1090 3211 1438 3296 pinnato-ramulorum,
1460 3207 1560 3276 omnino

414 3320 613 3404 prostratum,
637 3319 811 3402 subrepens,
835 3319 923 3384 valde
945 3319 1161 3395 tomentosum,
1183 3315 1266 3381 foliis
1287 3315 1422 3398 undique
1444 3307 1560 3396 patenti·

415 3423 481 3503 bus,
503 3423 553 3489 vel
575 3421 771 3490 subsecundis
794 3423 934 3502 mults,
956 3422 1094 3487 aturato
1115 3420 1272 3487 viridibus.

307 3523 414 3592 Varo
435 3527 558 3592 elotum.
602 3526 923 3610 Elato-oasspitosum,
946 3525 1097 3608 oaespites
1119 3525 1230 3591 molles
1253 3523 1428 3608 ferruginei
1469 3515 1560 3586 Caeles

413 3629 518 3709 oresti,
541 3629 662 3696 sentim.
688 3630 813 3696 lo-15
837 3630 912 3710 alti,
935 3632 1115 3713 pertenues,
1137 3629 1309 3713 interrupte
1333 3628 1561 3711 pinnato-ranu-

414 3731 483 3810 losi,
506 3732 650 3798 radiculis
673 3735 706 3801 eb
726 3735 929 3820 paraphplliis
950 3734 1065 3817 pauno.
1096 3733 1184 3800 Folia
1198 3734 1328 3811 minuta,
1351 3729 1563 3797 orato-lanoso·

413 3835 479 3902 lata
500 3836 533 3901 et
555 3835 734 3918 lanceolata,
756 3839 887 3922 undique
909 3839 1048 3922 petenda
1069 3838 1119 3904 vel
1140 3837 1250 3904 leniter
1273 3835 1415 3902 mounda

393 3954 501 4020 Habit.
525 3955 557 4020 in
579 3955 654 4022 loeis
676 3956 810 4025 humidis
832 3960 865 4025 ot
897 3958 1018 4043 aquosis
1052 3956 1396 4042 misereo-argillarum
1426 3955 1464 4020 ad
1493 3967 1562 4019 ean,

306 4077 410 4126 muros
441 4062 473 4126 et
494 4059 581 4145 ligna
602 4060 725 4128 madida
747 4081 834 4129 secun
855 4063 969 4129 rivulos
991 4066 1024 4129 et
1046 4063 1163 4141 fontes,
1186 4080 1240 4144 por
1262 4061 1419 4145 regionem
1440 4069 1562 4137 eamps-

305 4165 383 4230 trem
406 4166 437 4231 et
459 4167 656 4242 montanam3
678 4165 815 4248 alpinam
836 4167 917 4232 baud
939 4167 1093 4244 aseendib3
1116 4185 1181 4231 var.
1197 4172 1218 4245 β
1233 4165 1273 4230 ad
1287 4163 1489 4247 scaturigines
1503 4159 1562 4220 ber-

306 4268 413 4347 bosas,
435 4269 474 4336 ad
496 4270 610 4334 terram
633 4271 664 4334 et
686 4287 774 4346 saras
809 4290 874 4337 var.
895 4297 914 4356 γ
935 4271 973 4338 ad
995 4289 1084 4355 rupee
1107 4270 1207 4336 minus
1229 4267 1387 4344 humidas;
1418 4281 1481 4330 rar.
1502 4257 1561 4326 din

305 4371 475 4457 spongiosis
497 4373 536 4440 ad
558 4373 774 4460 Leodwipsbod
796 4393 889 4459 prope
912 4374 1125 4462 Saltaburgurn
1147 4375 1288 4459 (binos).

244 4467 247 4475 ’
390 4477 499 4544 Frurt.
522 4485 638 4542 metm.
661 4496 740 4544 rere.

390 4606 481 4667 Valde
497 4607 646 4678 variabile,
668 4607 817 4668 robustius
832 4609 993 4680 tenuinsue,
1015 4607 1130 4669 omnino
1145 4607 1324 4682 prostratum
1351 4603 1382 4662 eb
1407 4599 1560 4670 antepone

303 4691 350 4752 rel
372 4711 387 4752 e
409 4694 474 4754 basi
495 4695 693 4778 decumbente·
706 4696 875 4770 ucendens,
897 4697 1010 4759 nunde
1031 4697 1062 4757 et
1083 4692 1268 4770 semipedale,
1289 4695 1380 4767 stupa
1398 4679 1559 4748 nondun
