3072 5240
535 257 676 338 Eryma
1180 253 1243 330 dib

28 437 110 524 lpum
129 463 266 508 camum
295 443 352 508 Ba.
387 444 420 508 et
445 437 520 528 Sca.
544 440 648 525 Bryol.
671 461 736 508 eur.
782 437 817 506 O.
840 439 974 506 Mtnnnn
997 435 1070 524 Syn.
1116 440 1244 506 Hiera.

96 545 194 613 Sland
217 547 260 612 ll.
306 547 435 614 Wnsou
458 547 563 629 Brpol.
586 545 667 610 Brit.

28 645 107 730 mora
121 651 284 733 pendulam
305 650 377 718 Sca.
401 649 512 716 Coroll.
558 649 606 714 Da
628 648 747 714 Novae.
770 648 851 730 upil.

28 749 66 814 lu.
84 759 100 829 o
119 762 308 838 compactum.
353 754 467 819 Planta
489 752 616 819 humilis
638 753 798 835 compacte
819 752 1034 835 caespitulosa.
1067 752 1154 819 Polie
1169 752 1243 818 den·

93 855 146 922 sius
165 857 307 936 mulerta,
330 857 503 935 imbricata,
527 855 657 934 minora,
680 855 802 940 longius
818 856 987 938 cuspidata.
1032 856 1139 922 Floras
1162 873 1245 920 mes-

92 959 144 1024 culi
164 961 392 1040 numerosiores,
415 961 619 1028 erassineculi.
666 959 799 1042 Oapsula
822 960 959 1045 longior,
982 959 1145 1046 angustius
1168 959 1244 1043 piri-

91 1063 198 1145 iormis,
231 1065 401 1132 rulo-lumea
423 1067 456 1130 et
476 1063 648 1142 rufo-atra,
681 1063 862 1146 peristomio
885 1063 1004 1130 interno
1026 1063 1146 1147 saepius
1170 1063 1242 1130 aub-

93 1166 187 1234 bbere.

28 1265 220 1348 lprlostomom
235 1281 431 1358 corapoctam
446 1273 608 1340 Horusou.
624 1272 694 1337 Bot.
711 1271 915 1357 Zeit.'Syll.I,
932 1283 968 1355 p.
982 1273 1034 1339 62.
1058 1273 1242 1340 Scnwinca.

90 1371 182 1458 Suppl.
204 1377 244 1442 II.
292 1379 383 1443 Baio.
406 1377 512 1462 Bryol.
535 1377 620 1443 univ.

28 1475 215 1554 transvorsum
237 1481 454 1564 caespiticium
475 1471 575 1545 Brun.v
588 1479 695 1563 Bryol.
719 1479 801 1544 univ.

28 1581 101 1662 lyam
128 1584 296 1668 dpoeicam
326 1583 439 1650 Snunn.
470 1584 502 1648 in
533 1583 597 1650 litt.
631 1582 660 1667 (e
682 1585 805 1666 specim.
828 1586 868 1650 ab
891 1587 1015 1650 auctore
1036 1585 1242 1652 communica·

88 1685 158 1764 tinl).
199 1685 232 1753 C.
248 1671 393 1752 'munnae
415 1685 543 1770 Synops.
568 1687 609 1764 ll,
632 1704 661 1768 p.
686 1685 759 1752 569.

71 1803 163 1872 liubit.
194 1808 233 1874 ad
264 1811 400 1886 terram,
435 1826 508 1873 saxa
538 1809 571 1873 et
598 1826 701 1873 muros
725 1826 741 1872 e
762 1807 887 1892 regione
909 1781 1074 1892 campestri
1095 1827 1189 1902 usque
1212 1810 1243 1875 in
1368 1863 1370 1866 .

28 1907 108 1986 pinum
136 1931 184 1994 per
212 1915 315 1979 totam
347 1913 519 1996 Europam:
553 1913 585 1978 in
614 1931 734 1978 summa
764 1913 877 1979 Sierro
912 1913 1045 1980 Neuada
1075 1915 1243 1997 Hispaniae

29 2013 86 2078 evii.
104 2019 132 2082 et
152 2016 181 2083 in
204 2037 328 2084 summo
351 2016 525 2103 Norvegiae
547 2038 588 2083 m.
611 2017 819 2103 Doarasjeld,
847 2019 879 2084 in
902 2037 995 2085 arene
1018 2036 1104 2084 secus
1126 2019 1156 2083 il.
1181 2019 1244 2084 Ho-

28 2118 68 2180 vut
86 2120 193 2188 Galliae
214 2123 336 2204 merid,
359 2142 414 2188 nee
436 2139 494 2188 non
517 2122 549 2188 in
571 2143 663 2190 arena
685 2123 842 2190 maritima
864 2143 957 2207 prope
972 2124 1142 2208 Scultport
1156 2125 1245 2210 Ang-

28 2227 96 2288 eet
122 2227 156 2292 ad
187 2247 293 2294 muros
327 2227 469 2309 antiquos
501 2227 598 2292 totius
629 2226 721 2293 vallis
750 2228 902 2294 rhenanae
932 2228 1053 2311 copiose
1075 2227 1244 2295 observavi.

28 2341 59 2388 ²1·
77 2335 93 2404 d
112 2331 138 2394 in
160 2332 290 2398 summis
316 2332 458 2415 Alpibus,
481 2332 533 2398 ubi
556 2334 714 2415 praecipue
736 2333 804 2398 loca
827 2335 955 2398 ventosa
978 2335 1072 2398 anet.

69 2431 162 2501 arua.
183 2445 306 2502 matur.
330 2435 454 2503 ineunte
476 2437 606 2514 aestate,
629 2436 661 2500 in
684 2435 816 2518 Alpibus
839 2435 992 2521 Angusto,
1015 2436 1197 2519 Septembri.

68 2542 166 2605 Mmeus
187 2548 315 2606 maximo
338 2546 499 2617 variabilis,
521 2548 582 2604 tam
606 2547 698 2606 caulis
720 2546 904 2622 longitudino
920 2550 1008 2622 atque
1025 2547 1245 2618 ramificatione,

28 2643 68 2686 ltu
87 2634 213 2706 capsulae
237 2635 335 2694 formu
358 2633 425 2708 plus
447 2633 542 2692 minus
557 2634 732 2692 abbreviata
748 2633 813 2706 plns
829 2634 959 2692 minusve
976 2634 1124 2710 elongata,
1146 2635 1245 2693 subito

29 2711 74 2772 liu
94 2720 222 2790 pedicello
246 2739 376 2796 snpeme
398 2720 513 2795 longius
536 2722 657 2779 arcuato
680 2719 817 2795 pendula.
863 2721 955 2794 Saepe
978 2738 1043 2780 cum
1064 2720 1119 2780 Br.
1135 2723 1244 2796 caespi-

28 2801 48 2852 io
66 2811 262 2878 commutatur,
286 2823 384 2882 aquo
407 2808 505 2866 tamen
529 2807 665 2880 capsulae
689 2807 890 2867 microstomaa
914 2808 1049 2880 operculo
1073 2810 1158 2866 acute
1181 2807 1245 2881 upi-

28 2885 73 2942 blo
93 2893 176 2963 primo
197 2895 313 2954 intuitu
337 2893 479 2969 distingui
502 2893 616 2966 poteet;
647 2893 767 2968 propius
795 2893 832 2952 ed
854 2893 907 2952 Br.
930 2895 1101 2952 inclinatum
1123 2894 1245 2952 accedit.

28 2989 80 3032 irum
100 2995 157 3038 cum
179 2981 379 3056 descriptione
403 2981 431 3038 et
454 2979 534 3038 icone
559 2980 693 3054 quadrat,
717 2997 790 3054 quas
805 2980 961 3039 vaartzius
984 2980 1019 3039 de
1035 2979 1247 3056 Didymodonte

28 3077 79 3116 aava
98 3082 146 3124 sun
167 3067 261 3127 dedit.

64 3147 90 3206 ln
111 3155 317 3228 speciminibus
332 3151 386 3211 Br.
409 3153 531 3229 olpociei
553 3153 590 3211 ab
614 3151 677 3226 ipso
694 3156 812 3212 auctore
833 3153 1052 3212 communicatis
1067 3151 1152 3210 liores
1166 3150 1245 3211 haud

28 3249 46 3288 το
66 3237 224 3314 polygamos
248 3239 356 3315 reperi.

391 3432 421 3486 9.
456 3431 589 3498 Bryum
610 3429 821 3499 paludicole.

62 3554 184 3627 Plantae
206 3561 458 3626 innovationibus
480 3561 621 3644 repetitis
644 3562 768 3627 cautim.
793 3560 875 3626 2-3
899 3560 1000 3640 altae,
1034 3561 1245 3629 innovationes

28 3661 107 3736 gulae
127 3683 200 3731 mm.
213 3663 304 3729 4-5
321 3663 415 3742 altae,
438 3664 569 3743 validae,
592 3664 707 3730 inferne
730 3664 1079 3747 implero-radiculosae,
1100 3667 1246 3734 radiculis

28 3763 132 3830 ’omna
176 3767 270 3833 Folia
286 3765 392 3831 infima
410 3769 537 3847 remota,
561 3768 698 3849 parvula,
714 3769 806 3833 ovata
821 3769 853 3834 et
868 3767 1117 3853 ovato-oblonga
1140 3771 1246 3836 decur-

28 3865 79 3940 tia,
98 3869 232 3938 breviter
256 3873 290 3936 et
312 3873 399 3937 acute
421 3873 605 3949 acuminata,
628 3873 715 3938 costa
737 3871 769 3936 in
791 3871 944 3954 apiculum
966 3877 1170 3955 procurrente,
1194 3895 1246 3940 su-

28 3965 86 4036 iora
107 3972 137 4038 in
160 3975 302 4042 rosulam
325 3975 452 4041 densam
475 3974 687 4059 polyplvyllam
710 3976 865 4054 conlecta,
892 3972 1079 4058 majuscula,
1102 3976 1247 4044 solidius-

28 4077 197 4162 emglis,
221 4079 522 4159 retineto-concava,
544 4081 694 4158 anteriora
715 4081 747 4145 et
769 4079 869 4145 media
889 4080 953 4147 lato
968 4081 1078 4159 oralia,
1101 4081 1247 4148 interiora

28 4177 80 4244 sim
100 4183 297 4267 angustiora,
320 4181 430 4248 intima
453 4184 673 4266 periohaetinm
699 4183 851 4249 minutum
874 4183 1040 4251 formantia
1062 4186 1246 4264 lanceolata,

28 4284 94 4348 lena
116 4287 216 4352 multo
240 4285 380 4362 minora,
402 4288 504 4354 omnia
527 4287 666 4372 margine
688 4287 799 4352 rodeno
822 4286 915 4354 limbo
938 4291 1069 4373 anguste
1092 4291 1177 4356 teuto
1198 4290 1247 4354 ln-

28 4391 100 4454 ante
120 4389 236 4468 cincta,
262 4391 348 4454 costa
370 4390 483 4469 valida
506 4391 598 4457 dense
620 4393 715 4468 tenta,
738 4409 755 4455 a
777 4389 844 4457 basi
866 4409 1015 4474 purpurea
1029 4393 1161 4458 dilatata
1177 4409 1246 4456 sen-

28 4507 34 4548 v
53 4493 147 4571 tereti,
169 4493 356 4572 latescente,
378 4491 411 4557 in
433 4494 588 4577 cuspidem
611 4494 734 4560 brevem
755 4493 874 4560 laevem
897 4495 1075 4570 excedente;
1107 4497 1172 4558 rete
1195 4495 1246 4558 sat

28 4611 91 4660 aum
112 4599 143 4662 et
163 4595 325 4678 validum,
347 4596 486 4678 luteum,
519 4615 646 4684 superne
678 4596 860 4682 regulariter
881 4593 1245 4682 hexagono-rhombeum,
1292 4647 1294 4651 v
