3316 5262
325 362 389 430 780
878 364 1045 436 dmm

323 544 510 606 solidioribus
532 547 728 634 obtusioribus
748 548 866 624 longius
889 548 1020 621 rostatis,
1043 549 1163 624 capsula
1178 550 1297 621 minora,
1318 549 1467 626 peristomii
1486 550 1564 610 denti·

325 633 379 692 bus
401 633 591 694 tenuioribus.
634 635 742 698 Planta
765 637 829 696 tota
851 653 903 711 pro
926 653 1003 696 more
1025 635 1175 712 nigrescit,
1198 637 1294 697 rarius
1311 636 1434 698 rufescit

761 862 813 917 da.
841 860 1009 929 Hypnnm
1030 859 1161 930 potare.

650 981 753 1040 Linos.
776 981 805 1040 in
829 982 945 1041 Hiera.
968 983 1075 1043 Skand.
1099 982 1142 1042 Pl.
1164 982 1208 1041 ed.
1225 981 1276 1040 10.

412 1112 493 1178 Lars
515 1111 708 1196 caespitaos,
731 1113 881 1197 caespites
904 1115 1019 1198 pallide
1042 1113 1171 1193 virides,
1195 1113 1315 1180 molles.
1361 1111 1466 1179 Caules
1485 1131 1572 1178 moun

326 1214 404 1282 darii
426 1216 530 1297 erecti,
552 1217 668 1300 pluries
691 1217 992 1304 fastigato-ramosi,
1014 1219 1136 1286 sentim.
1152 1217 1238 1284 5-6
1260 1217 1329 1298 alti,
1351 1215 1474 1295 iiaecidi,
1493 1213 1573 1282 eradi

325 1319 432 1386 culosi.
477 1320 565 1387 Ilolia
587 1321 753 1388 lariuseule
774 1322 934 1406 disposita,
958 1322 1216 1404 erecto-patentia
1237 1323 1270 1388 et
1286 1319 1442 1388 lenissmre
1455 1317 1573 1395 munda

325 1425 579 1508 orato-oblonga,
602 1425 713 1491 sensim
737 1424 872 1492 brevitor
893 1429 926 1492 et
940 1429 1029 1492 acute
1043 1427 1228 1504 acuminata,
1251 1423 1341 1490 valde
1355 1439 1492 1500 eooeara,
1510 1441 1574 1488 mar·

324 1530 396 1613 gine
418 1531 537 1608 erecta,
567 1529 686 1608 tennis,
717 1531 755 1596 ad
777 1533 906 1617 angulos
930 1530 1078 1598 basileros
1101 1533 1151 1598 rix
1174 1531 1284 1598 leviter
1306 1528 1494 1596 decurrentia
1512 1526 1576 1592 baud

324 1637 482 1714 excavata,
505 1635 570 1702 solo
594 1654 712 1703 summo
734 1637 820 1721 apice
841 1638 977 1705 obsoleta
997 1637 1164 1716 crenulata,
1186 1639 1272 1703 costa
1294 1633 1429 1719 simplici
1450 1632 1576 1700 subtereti

253 1770 261 1784 ·
327 1738 383 1804 sub
404 1737 490 1823 apios
505 1740 634 1806 evanida
648 1741 817 1819 instruere
840 1741 916 1808 retis
936 1743 1089 1826 pertenuis
1104 1741 1222 1827 hyaliui
1244 1740 1366 1807 areolae
1380 1737 1577 1812 rhomboides,

326 1841 417 1925 duple
440 1844 473 1908 et
487 1844 581 1926 triplo
596 1842 748 1929 longiores
764 1865 857 1928 quam
872 1846 966 1925 latae,
987 1847 1019 1911 in
1042 1846 1140 1912 medie
1163 1845 1237 1911 folio
1258 1843 1416 1928 longiores
1437 1843 1469 1909 et
1487 1859 1578 1924 augus
1633 1875 1634 1878 ¹

328 1945 433 2028 tiores,
456 1948 496 2014 ad
517 1948 656 2014 infimam
679 1949 769 2017 basin
791 1949 881 2033 paulo
895 1949 1031 2029 latiores,
1053 1947 1215 2015 nonnullae
1230 1947 1269 2014 ad
1283 1947 1417 2032 angulos
1432 1946 1577 2030 beregen

326 2052 534 2138 reetangolae,
557 2053 701 2139 hyalinae
722 2054 772 2120 vel
793 2071 884 2137 poree
905 2053 1180 2138 chloropbpllosae.

415 2171 525 2238 Hcda't.
541 2173 579 2240 ad
595 2175 690 2240 &ore
706 2173 817 2260 bleda
829 2173 1003 2258 Inpponiaa
1024 2172 1167 2249 lnlensis;
1190 2171 1360 2256 specimina
1379 2167 1578 2238 inlinmartis

327 2273 366 2339 ad
388 2274 521 2361 dpnpee
543 2276 623 2344 lecta
644 2277 720 2344 clar.
742 2278 773 2345 J.
796 2277 833 2344 P.
855 2277 1000 2344 Noancru
1021 2276 1192 2343 liberaliter
1212 2273 1461 2344 communicarit

413 2405 538 2465 Fructus
560 2406 665 2482 ignoti.

407 2491 523 2639 {alypon
551 2494 694 2570 pellcstn'
727 2493 860 2566 mollius,
889 2496 919 2553 at
950 2492 1076 2553 faciliter
1107 2496 1191 2553 costa
1221 2491 1346 2566 simplici
1379 2491 1470 2567 longa
1499 2490 1573 2550 distin

327 2597 405 2654 guen
427 2597 484 2640 um.

727 2773 781 2831 00.
810 2772 977 2842 aerenum
997 2773 1209 2828 morannum.

862 2893 981 2954 Wrosou
1002 2895 1069 2954 mst.

416 3023 598 3103 Monoioum,
623 3024 793 3106 parvulum.
838 3023 942 3090 Gauiis
964 3021 1128 3108 primarius
1151 3041 1276 3106 repens,
1307 3021 1414 3088 caules
1436 3017 1581 3088 secundarii

329 3127 440 3207 erecti,
474 3127 595 3193 cautim.
623 3129 637 3193 i
670 3132 702 3194 et
723 3129 848 3212 paulum
871 3129 954 3194 ultra
977 3128 1080 3212 longi,
1111 3127 1208 3194 ramis
1230 3127 1380 3194 comatis.
1426 3127 1509 3192 Folia
1527 3123 1581 3189 sub

330 3230 459 3296 secunda
481 3231 513 3296 et
535 3231 675 3310 secunda,
697 3231 839 3298 lateralia
861 3232 950 3299 valde
972 3231 1087 3316 patula,
1110 3231 1236 3297 incurva
1250 3233 1281 3296 et
1297 3251 1436 3310 recurva,
1459 3230 1581 3311 oblenge

328 3335 509 3414 lanceolata,
534 3335 647 3402 sensim
670 3337 813 3416 scutata,
835 3336 923 3402 valde
945 3354 1095 3415 concava,
1117 3339 1183 3402 tote
1206 3335 1345 3419 margine
1368 3335 1485 3402 inferne
1504 3349 1581 3398 reno

332 3441 405 3519 tius,
428 3459 557 3524 superne
578 3439 702 3507 densius
725 3439 881 3506 subtiliter
903 3439 1064 3520 aemulata,
1087 3437 1125 3506 ad
1148 3439 1275 3523 angulos
1298 3441 1432 3522 anguste
1453 3438 1484 3504 et
1503 3431 1581 3502 brad

328 3546 376 3610 ter
397 3544 592 3609 decurrentes
613 3544 695 3611 baud
716 3545 873 3624 excavata,
895 3547 980 3610 costa
1002 3563 1020 3611 e
1042 3543 1108 3610 basi
1131 3542 1255 3620 bifurca,
1279 3541 1345 3608 lolii
1368 3541 1500 3608 medium
1519 3533 1580 3604 naui

329 3647 513 3732 attingente,
535 3649 571 3713 ut
593 3647 660 3713 felii
682 3648 766 3714 basis
788 3648 896 3716 infima
917 3647 1047 3725 luteola3
1069 3649 1136 3712 rete
1157 3665 1253 3729 osque
1276 3646 1316 3712 ad
1337 3646 1427 3713 basin
1450 3641 1579 3729 augusti*
1633 3635 1634 3660 *

329 3753 452 3829 simum,
475 3751 585 3818 areolis
607 3751 720 3838 longis,
742 3751 1127 3830 subflexuosolinearibos,
1149 3749 1253 3834 paucis
1268 3749 1469 3835 angularibus
1482 3743 1579 3815 leuen

329 3855 396 3921 bus.
441 3854 546 3920 Floras
569 3855 697 3922 masculi
720 3854 925 3937 crassiuseuli,
947 3854 1130 3941 polyphpili,
1153 3853 1333 3922 antheridiis
1349 3873 1440 3938 parca
1453 3849 1579 3937 pamphy-

330 3959 417 4025 setis.
462 3958 610 4025 Romulus
632 3959 859 4043 periebaetialis
881 3959 1017 4027 breviter
1039 3960 1196 4034 radicans;
1226 3957 1406 4042 periebaetii
1428 3956 1508 4042 longi
1526 3951 1579 4019 eu

329 4064 492 4130 extamus
514 4063 614 4130 medio
647 4063 920 4147 erecto-patentia,
953 4064 1074 4130 interna
1107 4062 1230 4129 omuino
1261 4063 1380 4138 eroets,
1414 4055 1578 4146 vaginulis

329 4168 483 4253 elongata,
499 4168 629 4252 anguste
645 4168 831 4248 acuminata,
854 4168 920 4233 solo
935 4167 1021 4251 apice
1036 4167 1199 4248 serrulata,
1213 4167 1327 4251 pluries
1342 4166 1474 4243 sulcam,
1488 4159 1578 4229 boob

329 4272 480 4338 decolora.
526 4271 657 4356 Capsula
679 4273 710 4337 in
732 4271 877 4356 pedicello
902 4272 986 4338 tenid
1009 4271 1193 4340 sabmemto
1216 4290 1251 4336 ex
1274 4271 1374 4337 erecto
1388 4269 1577 4336 collocarunt

329 4376 470 4461 oblonga,
493 4375 685 4454 flavo-tusce,
707 4378 811 4444 aetate
826 4377 995 4442 saturatius
1014 4377 1121 4444 tincta.
1152 4373 1333 4459 Opercolom
1348 4373 1412 4440 alta
1425 4385 1577 4439 convexun.

262 4545 267 4558 ,
329 4479 462 4546 breviter
484 4481 517 4546 et
538 4481 646 4546 obtuse
668 4481 886 4547 acuminatum.
930 4481 1069 4546 Annulus
1096 4479 1243 4563 perlatus.
1288 4475 1461 4545 Peristemii
1490 4473 1576 4540 daut*

329 4583 535 4663 crassiuseoli‚
557 4583 639 4649 intus
655 4583 849 4670 lamelligeri,
873 4583 1073 4660 latescentem
1096 4601 1254 4666 processus
1274 4581 1452 4666 subintegri,
1473 4569 1575 4644 mad

330 4687 561 4755 articulatiooes
584 4686 701 4753 eodem.
739 4689 827 4755 icoo:
850 4687 1024 4755 Succusano
1046 4687 1129 4753 leon.
1152 4687 1179 4766 1,
1201 4687 1267 4753 tab.
1293 4685 1363 4752 ua
