3334 5254
317 291 381 360 816
859 293 1051 354 Anum

317 473 383 539 bus.
427 471 515 538 solia
536 471 663 549 remota,
685 472 784 538 rarius
806 472 952 554 conferte,
974 493 992 540 e
1012 473 1081 540 basi
1103 474 1205 540 erecta
1225 475 1474 558 erecupuunm
1493 479 1554 542 mol-

317 577 369 654 lia,
391 577 502 655 laevia,
524 594 627 658 opaca,
650 575 763 658 pallide
785 577 931 657 olivacea,
953 578 1324 661 acuminato-apatheiam
1345 581 1377 646 et
1396 581 1489 665 lpmta
1502 585 1557 664 api-

317 681 430 756 culatn,
452 680 607 763 superiora
629 680 954 762 subcocbleariformia‚
977 681 1059 750 inira
1080 683 1216 749 medinm
1237 684 1307 766 plus
1329 685 1425 750 minus
1438 687 1559 768 repanda,

317 787 356 852 ad
378 791 494 868 apicem
515 783 789 869 hyalino-limbata
816 787 849 854 et
877 785 1084 852 minutissime
1117 806 1223 868 erosa,
1254 789 1437 856 areolatione
1456 790 1560 856 laxiore.

317 889 481 974 Perigonia
501 888 533 952 in
556 888 651 954 ramis
673 889 804 972 propriis
826 890 937 956 obtuse
958 891 1202 975 gemmiformia,
1224 892 1383 977 triphylla,
1404 893 1561 960 antheridiis

317 995 420 1078 paucis
442 993 733 1075 brevi-pedicellatis
754 995 979 1078 panephysatis.
1022 994 1251 1062 Perichaetium
1281 997 1389 1076 breve,
1419 997 1563 1063 eloliisl

315 1099 365 1164 vel
387 1099 406 1163 5
429 1097 629 1180 compositum
650 1097 877 1164 subconvolutis
900 1098 1040 1184 oblongis
1062 1099 1189 1166 obtusis.
1234 1100 1368 1185 Capsula
1392 1101 1504 1186 longius
1523 1121 1564 1166 er-

317 1203 419 1281 serta,
448 1202 487 1267 ad
509 1201 598 1268 basin
620 1221 713 1284 usque
736 1203 915 1284 quadrifida.
960 1205 1065 1289 Bryol.
1088 1223 1151 1270 cur.
1174 1205 1243 1271 Vol.
1266 1206 1321 1285 Vl,
1343 1207 1418 1272 'l'ab
1440 1205 1508 1272 629.

318 1327 470 1391 Aodrcdo
485 1325 660 1390 Hortmeni
674 1327 814 1392 Tnnusu.
835 1325 868 1391 in
883 1326 1046 1394 Observat.
1069 1347 1098 1411 p.
1116 1329 1167 1405 77,
1190 1327 1264 1412 figg.
1283 1327 1387 1394 1-17
1402 1329 1434 1394 et
1447 1327 1564 1392 23-26.

423 1430 481 1494 Bu.
504 1429 537 1497 ct
558 1428 630 1496 Son.
653 1429 760 1513 Bryol.
783 1449 845 1497 cur.
891 1430 926 1497 O.
941 1431 1076 1497 Momm
1097 1431 1227 1516 Synops.
1258 1432 1384 1498 Hunrrr.
1406 1431 1510 1498 Skand.
1529 1433 1566 1497 ll.

423 1534 641 1599 anrnasrnnr
663 1534 803 1618 Monogr.
828 1553 856 1616 p.
882 1533 935 1602 34.

404 1655 513 1720 Hodie.
535 1654 566 1720 in
596 1654 763 1720 rivulorum
795 1656 877 1722 saris
906 1655 1046 1722 irroratis
1078 1677 1269 1724 summarum
1294 1657 1508 1724 scandinaviae
1526 1657 1569 1722 ll-

317 1759 420 1842 pium,
453 1777 557 1824 versus
590 1759 669 1824 nivis
702 1759 835 1825 limites:
868 1761 899 1825 in
920 1759 1098 1844 Hcrjedelie
1120 1763 1237 1844 primus
1259 1761 1378 1828 deterit
1399 1763 1569 1836 annuuus,

317 1864 368 1947 qui
389 1863 529 1946 plantam
551 1862 582 1927 in
604 1862 794 1929 convallibus
817 1863 1017 1930 Midtodoleo
1039 1866 1071 1930 ct
1087 1865 1229 1931 Nedolcu
1250 1865 1338 1951 legit,
1361 1866 1429 1950 ipsc
1449 1866 1479 1931 iu
1499 1866 1572 1948 Alpi-

317 1968 373 2034 bus
395 1966 593 2033 dorrensibus
616 1986 701 2033 secus
723 1968 809 2034 niues
831 1968 870 2034 ad
891 1969 998 2051 pedem
1030 1989 1072 2035 m.
1097 1971 1285 2036 Srwebdttoo
1312 1970 1398 2056 legi,
1430 1970 1463 2036 in
1482 1971 1571 2036 iisdcn

315 2072 448 2154 Alpibus
481 2073 520 2138 ad
550 2090 721 2154 supremam
750 2073 869 2155 partem
903 2093 945 2138 m.
968 2075 1099 2140 &orbec
1131 2077 1163 2141 et
1185 2095 1277 2159 supra
1303 2075 1467 2160 Vorsticn,
1498 2079 1573 2141 etin

320 2175 553 2260 Rundeaoffield
562 2225 572 2258 ,
607 2195 667 2241 una
689 2195 758 2242 cum
780 2179 821 2243 A.
845 2177 1035 2263 sporeifoliu
1063 2181 1094 2244 et
1118 2179 1246 2245 obouow
1267 2181 1527 2265 (nummum),
1551 2179 1574 2242 in

318 2302 359 2346 m.
385 2279 541 2363 Ortfjeld‚
563 2280 676 2344 Rauca
686 2328 696 2361 ,
726 2279 777 2346 W.
801 2281 929 2346 deunce
959 2281 1149 2363 observarit,
1181 2284 1219 2351 cl.
1242 2285 1422 2352 Homonsu
1452 2284 1483 2349 in
1511 2284 1574 2364 Alpe

321 2383 524 2469 Gousluffield
546 2384 658 2450 lectum
681 2385 925 2468 communicavit,
947 2387 1021 2454 clar.
1045 2387 1077 2454 S.
1099 2388 1259 2456 Inmensae
1282 2389 1315 2456 in
1337 2389 1421 2474 Alpe
1447 2387 1574 2475 Tjr'drjul·

319 2488 491 2574 Lapponiec
511 2489 641 2555 lulensis
663 2487 741 2573 legit
762 2490 795 2556 et
816 2490 912 2556 misit.

406 2591 514 2658 Frccct.
538 2599 654 2657 ramur.
677 2593 806 2660 aestate.

404 2705 519 2780 Species
547 2706 652 2765 haecce
682 2705 891 2779 pulcherrima,
921 2706 1082 2767 clarissimo
1111 2707 1256 2768 summm
1290 2709 1457 2783 geraliensi
1492 2709 1575 2767 Florae

318 2793 544 2852 Soandinavicue
567 2791 680 2852 auctori
702 2793 870 2854 acutissimo
886 2793 1029 2864 dedicata,
1050 2795 1243 2872 distinguitur
1264 2795 1328 2856 sine
1344 2797 1408 2858 ulls
1422 2795 1576 2856 difficultate

320 2882 357 2940 ab
381 2881 513 2940 omnibus
535 2879 746 2954 congeneribus
770 2882 917 2953 constatis,
940 2882 1160 2957 magnitudine,
1183 2883 1302 2943 mollitie
1325 2887 1356 2944 et
1380 2883 1576 2949 colorabile

318 2985 381 3026 rum
404 2969 496 3028 forma
519 2969 549 3026 et
570 2969 696 3039 tortura,
719 2968 839 3042 capsula
862 2970 899 3028 ad
922 2969 1006 3029 basin
1029 2987 1120 3044 usque
1143 2970 1319 3044 dehiscente,
1340 2972 1374 3032 in
1398 2969 1575 3048 pseudopodiu

318 3055 448 3131 longiore
471 3053 565 3130 magis
589 3054 728 3114 exaltata.

405 3159 528 3219 Plantae
554 3157 782 3218 3-5·nncians
805 3157 870 3218 basi
894 3159 1059 3220 denudatae
1082 3159 1160 3220 loliis
1175 3162 1380 3222 remotioribus
1397 3163 1576 3238 reperiuntur:

319 3247 463 3307 breviores
485 3246 573 3321 paulo
596 3246 772 3306 robustiores
795 3249 864 3306 sunt
886 3247 1013 3322 foliaque
1036 3247 1130 3324 magis
1153 3247 1285 3309 conferta
1307 3249 1423 3310 habent
1446 3250 1573 3321 caulisque

319 3335 416 3410 apices
439 3337 549 3394 erectos
571 3333 783 3408 gemmiiormes

405 3440 446 3499 Ol.
468 3440 672 3499 Zernensrnnu
695 3438 867 3499 varietatem
890 3440 945 3498 snb
967 3440 1082 3500 nemine
1104 3438 1124 3513 β
1145 3441 1266 3518 gracilis
1289 3445 1457 3503 enumerat:
1483 3439 1573 3499 »ranl-

318 3530 373 3587 bus
394 3527 511 3588 densius
534 3525 717 3600 caespitosis‚
746 3525 965 3602 gracilioribus,
996 3527 1198 3604 rigidioribus,
1225 3529 1481 3604 subsimplicibus;
1514 3526 1574 3586 loliis

318 3615 436 3689 paululo
464 3614 644 3690 longioribus
671 3617 701 3673 et
728 3614 926 3686 acutioribus,
958 3615 1041 3674 siccis
1074 3615 1236 3676 arctissime
1264 3617 1436 3692 appressis‹
1467 3622 1573 3674 ...ri

318 3719 403 3777 porro
430 3703 552 3762 »babitu
575 3703 635 3760 tam
658 3701 744 3777 longe
767 3719 785 3759 a
807 3700 900 3761 forme
922 3703 1037 3778 vulgari
1061 3703 1207 3776 abhorret,
1230 3705 1263 3763 nt
1285 3705 1411 3778 primum
1434 3720 1491 3763 uon
1505 3699 1573 3760 dubi·

319 3792 455 3862 tarenrus,
478 3789 547 3864 quin
570 3789 681 3863 species
703 3788 819 3849 omnino
840 3805 917 3848 nora
940 3789 1056 3849 detecta
1078 3791 1186 3851 esset«.
1215 3821 1256 3832 -
1285 3791 1388 3852 liubit.
1412 3809 1477 3852 oum
1498 3790 1572 3848 forme

319 3877 449 3937 normali.
493 3877 702 3936 verosimiliter
724 3876 761 3935 A.
782 3875 918 3936 lbedeuii
938 3879 1039 3937 nostra
1062 3879 1120 3937 esti

741 4087 770 4142 5.
801 4085 959 4143 Andreba
981 4085 1158 4144 'rhodenit

820 4191 886 4250 Seu.
909 4191 1007 4266 Bryol.
1029 4210 1088 4250 eur.

404 4339 571 4420 Humilior‚
594 4339 809 4423 caespitulosa,
831 4340 997 4426 nigricans.
1042 4340 1148 4408 caulis
1169 4339 1297 4426 rigidus,
1321 4339 1455 4420 solidior,
1477 4335 1570 4422 pluries

318 4444 434 4512 divisus
457 4443 646 4530 fastigiatus,
668 4443 784 4511 inieme
807 4445 985 4512 denudatus.
1030 4445 1119 4512 Folia
1140 4444 1240 4530 magis
1262 4443 1408 4526 conferta,
1432 4463 1466 4511 er
1486 4450 1569 4507 uult

319 4550 385 4617 bosi
405 4549 673 4633 erecte-patentia,
697 4548 836 4616 siccitate
858 4549 1075 4632 incumbente,
1097 4551 1228 4618 obovata
1248 4553 1281 4619 et
1303 4547 1568 4636 oblongo-eborata

318 4655 451 4724 breviter
473 4656 505 4721 et
525 4654 634 4722 obtuse
655 4653 845 4736 acuminata,
868 4655 957 4723 dorso
979 4655 1137 4724 subtiliter
1158 4656 1333 4744 granulata,
1357 4654 1478 4734 mollin,
1499 4649 1566 4734 aptot
