3412 5244
711 273 913 342 semesi
1392 279 1453 354 311

175 481 309 541 eeseens,
332 461 417 545 apiee
440 459 588 544 spadieea
612 460 679 526 basi
699 459 817 542 pallida
839 459 1051 545 irregulariter
1073 459 1230 529 laainiata.
1262 458 1455 544 capsulam

177 568 271 632 erato
294 565 504 650 cylindracea,
526 567 610 632 reeta
634 565 679 631 vel
705 565 848 645 curnula,
878 565 972 632 brsea.
1017 566 1159 632 Annnlus
1180 567 1330 651 angustus
1352 587 1370 635 e
1391 565 1457 632 sin-

176 670 254 754 gula
283 668 361 734 serie
390 669 572 735 cellularum
602 669 800 752 compositus.
845 667 997 753 capsulae
1019 669 1119 736 stoma
1141 671 1351 738 membranula
1372 670 1458 738 tenui

175 773 411 839 horizontaliter
432 773 613 856 procedente
635 772 778 839 cinctum.
824 772 927 857 Bryol.
951 792 1013 839 eur.
1037 773 1106 840 Vol.
1122 774 1181 854 III,
1203 774 1279 842 Ταῦ.
1299 773 1370 842 198.

177 894 363 980 Ermalypta
389 902 578 961 cemrnutata
611 895 697 960 Nnrs
721 895 752 961 at
773 895 936 961 noussen.
961 895 1066 980 Bryel.
1089 915 1186 980 germ.
1209 895 1246 964 P.
1268 897 1319 979 II,
1350 917 1380 982 p.
1404 895 1456 979 16,

289 999 324 1064 Τ.
350 998 398 1064 15.
444 999 500 1064 Ba.
535 999 568 1064 et
594 998 667 1065 ses.
697 998 802 1083 Bryol.
834 1017 897 1065 eur.
942 997 976 1065 C.
1000 998 1135 1064 Muenna
1157 1000 1286 1086 Synops.
1331 1001 1456 1068 Hlarus
1489 1091 1491 1098 y

289 1104 401 1171 Skand.
422 1103 470 1170 ill.
517 1103 644 1170 Wnson
665 1103 718 1169 Br.
741 1102 820 1168 Brit.
864 1102 913 1167 Dr
936 1101 1056 1170 Norae.
1080 1103 1161 1185 llpil.

179 1227 361 1312 Εαοαῑαρια
383 1226 490 1292 lacae
519 1224 568 1290 Dn
590 1224 668 1292 Ner.
693 1224 769 1310 Syll.
792 1229 841 1310 (er
862 1223 920 1306 ips.
945 1224 1025 1291 anet.
1048 1225 1212 1312 speciml).
1258 1225 1291 1293 0.
1312 1227 1457 1295 Muenna.

266 1329 441 1519 8333&
471 1433 593 1500 caetera
626 1431 659 1498 in
687 1433 792 1517 Brynl.
823 1449 925 1514 enrep.
957 1432 1074 1511 relata,
1113 1432 1244 1500 maxime
1277 1433 1396 1504 ineerta
1427 1437 1459 1502 et

177 1539 295 1624 partim
318 1538 407 1618 salsa,
430 1537 558 1606 delenda
580 1538 663 1604 sunt.

268 1662 378 1728 Helia
410 1661 443 1726 in
476 1660 597 1743 rupium
629 1659 749 1727 fissuris
782 1661 815 1726 et
843 1659 882 1726 ad
905 1660 1021 1726 terram
1044 1677 1232 1726 summarum
1254 1660 1383 1745 Alpium
1405 1681 1459 1747 per

177 1787 289 1834 nonam
325 1764 540 1833 intermediam
570 1767 601 1831 et
632 1766 785 1849 septentr:
822 1762 1025 1847 pulcherrime
1065 1763 1206 1846 provenit
1236 1763 1268 1830 in
1297 1765 1459 1834 Helvetiae

178 1892 222 1938 m.
248 1872 380 1949 Geruma‘,
404 1870 552 1956 Splrtqen,
575 1871 703 1949 Albula,
727 1869 889 1949 Barsine,
913 1867 1079 1934 Faulborn
1105 1886 1131 1934 e.
1154 1887 1182 1934 a.
1205 1867 1242 1948 l,
1266 1869 1298 1935 in
1321 1888 1459 1940 summae

177 1976 275 2042 Jnrae
298 1994 338 2042 m.
362 1972 554 2054 Otnsaeron,
576 1972 609 2039 in
630 1972 839 2057 Salisbnrgiae
860 1993 901 2038 m.
925 1971 1097 2056 Naeefeld,
1120 1973 1301 2058 Speiereclc,
1324 1973 1356 2040 in
1378 1975 1460 2042 Nor·

178 2079 286 2164 regiae
308 2078 516 2164 Devrefjeld,
546 2097 601 2146 nee
627 2097 687 2144 non
720 2079 751 2143 in
781 2078 903 2145 Suebiae
936 2077 1065 2144 summis
1087 2077 1229 2161 Alpibus.
1274 2079 1321 2145 llr
1352 2081 1459 2150 Amar.

181 2187 259 2270 sept.
281 2183 648 2268 Montibus-rupestribus
671 2184 853 2251 Dnnnnonn
877 2183 973 2250 misit.

270 2307 378 2373 Fmst.
401 2313 519 2372 mutar.
543 2306 683 2390 tempore
704 2304 833 2373 aestive.

270 2435 410 2512 Galyptra
431 2435 519 2511 longe
540 2434 619 2494 inira
641 2434 790 2509 capsulam
813 2435 975 2509 preducta,
1007 2433 1100 2494 nitide
1126 2433 1308 2508 saepesaepe,
1339 2436 1460 2512 capsula

179 2523 275 2584 laevis
297 2523 503 2599 gymnoetema
525 2522 652 2597 speciem
673 2521 793 2597 pulchre
815 2538 834 2580 a
856 2520 999 2582 similibus
1021 2521 1138 2598 generis
1160 2522 1356 2598 distinguunt.

269 2626 305 2686 Ε
328 2627 431 2703 affinis
453 2627 555 2686 Hnnw.
579 2628 610 2688 et
632 2626 667 2685 Ε.
691 2627 794 2703 alpina
816 2627 994 2696 warenna,
1027 2627 1066 2686 ab
1099 2627 1269 2688 auctoribus
1290 2627 1460 2703 peristomie

180 2716 345 2776 instructae
367 2714 525 2786 indicatae,
547 2714 647 2789 petius
669 2714 707 2772 ad
722 2712 758 2772 Ε
774 2713 1011 2790 rhabdeearpem
1032 2712 1201 2774 referendae
1217 2719 1295 2788 sunt,
1318 2733 1405 2792 quarn
1422 2717 1461 2776 ad

179 2801 306 2876 speeiem
321 2820 410 2878 supra
425 2801 615 2877 descriptam
638 2800 902 2877 Sebrraegricbenii
924 2803 1027 2861 eontra
1050 2801 1114 2861 icon
1136 2796 1251 2878 (Suppl.
1267 2803 1291 2874 I,
1306 2803 1378 2862 Ταῦ.
1397 2803 1460 2877 16),

179 2889 297 2950 nemine
319 2889 355 2948 Ε.
378 2889 481 2964 affinis
503 2889 655 2965 inscripta,
678 2889 755 2948 certe
778 2888 816 2948 ad
838 2886 874 2946 Ε
897 2894 1101 2948 mmmmetam
1123 2888 1270 2950 delineata
1293 2892 1346 2949 est.

180 3091 261 3156 διαί.
284 3089 330 3155 ΙΙ.
363 3089 643 3156 Perietomiem
665 3089 704 3154 a'n
727 3089 856 3154 eadem
879 3089 1005 3178 specie
1021 3089 1183 3174 simplex
1198 3091 1460 3172 Ill-dentatum,

444 3194 539 3280 plus
561 3195 692 3258 minua
709 3190 935 3278 perfectum
956 3192 1012 3257 uel
1033 3192 1193 3288 nultum.

600 3344 630 3399 2.
653 3341 850 3412 Encalypta
871 3339 1040 3410 vulgaris.

673 3463 776 3523 Hsnw.
799 3465 848 3539 Sp.
870 3465 961 3523 illuse.

270 3595 358 3662 Folia
373 3595 539 3681 lingulata,
554 3595 720 3679 spiculata,
736 3594 952 3675 subundulata,
968 3595 1108 3662 siccitate
1122 3592 1359 3677 torpescentia,
1374 3594 1461 3660 costa

178 3699 284 3766 ruinis
305 3700 362 3766 sub
384 3698 434 3765 rel
455 3719 525 3765 eum
547 3699 633 3783 apice
654 3699 795 3781 evanida,
817 3700 877 3768 reti
898 3700 931 3766 in
954 3699 1054 3766 media
1076 3697 1144 3766 basi
1165 3697 1266 3764 larius
1281 3695 1460 3782 reeiangulo

179 3805 337 3888 pertenui,
366 3802 406 3870 ad
427 3804 600 3890 marginem
622 3805 790 3890 angustato
812 3804 992 3872 latescente.
1038 3803 1187 3889 Galyptra
1207 3820 1304 3887 usqne
1327 3800 1366 3869 ad
1387 3820 1460 3886 eap-

180 3909 268 3976 sulae
290 3908 402 3976 enllum
425 3911 475 3976 vel
496 3909 578 3976 infra
599 3909 768 3994 preducta,
799 3909 915 3993 pallide
936 3907 1154 3988 luteo-virens,
1186 3907 1281 3975 tenui.
1326 3905 1460 3992 capena

179 4011 469 4095 evameylindrr'ea,
491 4012 838 4093 tenni-membranacea,
861 4013 941 4080 sicca
956 4029 1054 4081 vacua
1075 4014 1179 4079 exacta
1200 4010 1378 4096 cylindriea,
1400 4010 1460 4078 mi·

179 4117 256 4182 nuta
279 4115 416 4194 sulcata,
449 4114 561 4199 pallide
584 4115 715 4196 luteola,
738 4116 818 4183 celle
840 4116 1014 4201 orilideqne
1037 4114 1196 4183 aurantiis.
1241 4112 1460 4182 Peristeminm

177 4219 276 4304 vulgo
297 4219 419 4286 omniuo
440 4220 579 4299 nullum,
610 4219 710 4286 rarius
741 4218 920 4287 edentibus
946 4219 985 4286 16
1018 4218 1180 4286 linealibns
1214 4217 1334 4300 saepius
1365 4217 1457 4285 trun·

176 4323 261 4391 eatis
282 4321 407 4407 pallidis
428 4323 635 4408 fugacissimis
651 4324 863 4408 compositum.
895 4324 1008 4408 Speras
1023 4340 1154 4410 magnae
1169 4319 1374 4404 ⁴lree-³srbe
1385 4341 1459 4390 mm.

178 4427 356 4506 metientes,
379 4428 514 4494 breviter
534 4428 895 4513 rotundato-papillosae.
932 4429 1035 4513 Bryel.
1052 4446 1115 4494 enr.
1131 4428 1201 4494 Vol.
1218 4427 1276 4508 111,
1291 4425 1368 4493 Ταῦ.
1386 4424 1459 4493 199.

176 4551 361 4638 Erwalypta
383 4553 538 4638 maberie,
561 4553 703 4637 ealyptra
724 4553 795 4619 laxa
816 4552 920 4621 conica
941 4571 993 4618 ere
1014 4549 1145 4634 aequali,
1168 4547 1331 4635 ragiunlae
1355 4565 1458 4614 mem·

290 4653 387 4722 brana
415 4655 581 4740 pileilormi
610 4657 720 4723 Hnnw.
755 4656 841 4742 Spec.
874 4656 973 4724 Mese.
998 4675 1029 4740 p.
1053 4653 1095 4722 60
1117 4656 1149 4722 et
1170 4653 1215 4720 M.
1231 4651 1269 4724 ir.
1291 4651 1325 4732 Ι,
1354 4649 1380 4717 t.
1405 4648 1456 4718 18.
