3072 5240
484 292 624 374 amase
1129 293 1193 372 ltt

54 471 120 542 batis
140 477 279 544 remotius
309 480 342 544 et
371 479 492 546 brevius
515 480 661 558 dentatis,
684 479 826 546 dentibus
849 497 903 565 pro
928 494 1011 546 more
1032 501 1049 546 e
1071 479 1195 564 singula

52 579 146 646 cellula
159 580 303 660 formatis,
327 582 468 659 mnticis;
492 583 617 666 capsula
638 583 815 666 plerumque
831 583 972 651 solitaria
993 585 1026 650 et
1047 584 1193 650 breviore.

23 681 65 743 iarn
86 684 194 768 inagna
213 684 304 750 llum.
328 685 362 750 in
384 685 477 750 Lond.
501 685 608 751 Journ.
633 686 667 752 ol
685 686 756 751 Bet.
783 685 876 754 1856.

23 787 217 869 ,precisum
238 787 375 867 humile,
400 788 594 873 subsimpler‚
617 788 700 855 foliis
721 788 922 869 brevioribus,
945 788 1105 856 ramulinis
1128 807 1195 854 cor·

52 887 119 952 datis
136 907 199 954 cum
221 890 271 955 vel
293 891 407 974 absque
429 892 559 974 spiculo,
584 891 781 976 subintegris,
803 893 931 975 capsula
953 892 1070 959 minore
1084 911 1195 960 cernua

52 992 90 1056 rel
107 992 253 1062 inclinata.

23 1095 67 1156 ἰιι
85 1097 225 1179 mamm,
249 1097 379 1164 Lnunna
400 1099 432 1164 iu
455 1099 589 1183 Regenb.
613 1100 684 1166 Bot.
709 1099 784 1166 Zcit
810 1099 904 1166 1827.

38 1211 123 1280 liubit
144 1214 173 1280 in
194 1216 357 1300 sylvaticis
379 1220 410 1284 et
432 1217 599 1284 dumetosis
622 1220 661 1285 ad
684 1221 799 1286 terrem
821 1219 1078 1286 humidiuscnlam
1093 1222 1197 1307 regio-

25 1319 174 1400 anpestris
194 1322 227 1387 et
241 1323 408 1389 montanae
424 1341 477 1406 per
492 1323 589 1390 totam
608 1323 669 1390 fere
685 1325 850 1408 Europam,
873 1325 972 1390 rarius
987 1327 1091 1392 tamen
1106 1345 1196 1409 quam

23 1419 57 1486 ies
74 1423 239 1490 antecedens
261 1428 297 1491 et
318 1426 415 1492 ranas
439 1426 641 1505 fructificans3
664 1435 765 1508 rand
788 1427 820 1494 in
841 1428 1023 1514 uliginosis;
1046 1449 1143 1514 vaay
1165 1431 1196 1495 in

23 1541 29 1586 ι
46 1524 196 1593 siccioribn
219 1528 440 1614 frigidioribus.

38 1627 123 1696 lineet.
143 1640 256 1699 mur.
282 1633 376 1717 Majo.

37 1738 123 1800 Planta
142 1745 281 1818 speciosa,
303 1745 385 1806 caulo
403 1749 524 1808 robusto
540 1747 759 1820 2-8-unciali‚
782 1749 846 1808 tota
869 1747 1052 1823 longitudine
1067 1749 1197 1807 tomento

23 1825 90 1886 mlari
109 1829 191 1891 denso
213 1831 426 1894 mio-brunneo
448 1835 555 1906 velato,
576 1833 655 1894 foliis
678 1835 792 1910 magnis
814 1835 853 1894 ad
875 1836 987 1910 apicem
1009 1834 1135 1894 fertilem
1151 1851 1198 1894 ro·

23 1927 175 1990 unagnam
196 1919 332 1993 patulam
354 1920 487 1982 siccitate
509 1921 692 1981 retroflexam
707 1921 910 1996 formantibus,
931 1923 995 1981 toto
1011 1921 1070 1981 iere
1085 1921 1198 1980 ambitu

23 2001 50 2056 rte
66 2001 244 2077 denticulatis,
267 2005 424 2066 denticulis
447 2027 462 2068 e
485 2007 597 2067 cellulis
621 2009 639 2066 2
663 2008 709 2067 rel
733 2009 752 2066 3
776 2008 956 2083 compositis,
979 2007 1123 2067 fructibus
1146 2009 1198 2066 ad-

23 2087 84 2156 ratis,
111 2090 183 2150 baud
204 2109 273 2152 raro
297 2093 381 2151 4-6
405 2095 434 2153 in
459 2096 557 2154 eodem
581 2095 769 2169 perichaetio.
814 2095 882 2154 Ver.
904 2094 925 2166 β
948 2094 1059 2153 caulem
1082 2094 1199 2168 saepius

23 2173 130 2242 ‘pedalem
143 2177 232 2248 offert
255 2179 386 2239 stolones
407 2181 534 2257 graciles
557 2184 685 2250 erectos,
716 2181 787 2241 lolia
818 2171 934 2240 breviis
966 2181 1147 2240 denticulata
1169 2183 1199 2240 et

23 2261 115 2334 ltere,
144 2265 255 2326 ructus
280 2267 375 2326 rarius
407 2269 587 2344 adgregatos
615 2270 784 2343 plerumque
817 2267 972 2328 solitarios.
1018 2267 1198 2326 varietatem

23 2358 28 2398 ³
44 2345 164 2422 insignem
184 2353 378 2427 pulcherrime
400 2355 431 2414 in
455 2355 547 2429 pratis
563 2355 715 2430 uliginosis
731 2355 871 2414 montosis
887 2371 976 2428 prope
992 2355 1198 2414 Christianiam

31 2435 52 2488 et
70 2434 94 2492 in
112 2437 213 2512 alpinis
235 2440 392 2500 Helvetiae
415 2444 446 2501 et
467 2441 598 2516 Tmolia,
619 2442 650 2502 in
681 2442 774 2516 pratis
806 2441 959 2516 uliginosis
983 2441 1089 2516 Vogesi
1113 2459 1198 2514 supe·

23 2533 40 2579 a
57 2523 129 2596 nune
150 2542 319 2586 numerosas
340 2527 371 2586 iu
393 2527 516 2587 formam
538 2528 694 2587 normalem
717 2528 907 2588 transitiones
922 2527 1084 2598 observavi,
1106 2527 1150 2586 ita
1166 2531 1199 2586 ut

23 2603 62 2662 itm
88 2613 223 2684 propriam
256 2612 287 2671 in
320 2631 384 2672 eam
416 2614 568 2674 instituere
602 2631 752 2688 nequeam.
796 2615 830 2672 In
855 2613 997 2673 varietate
1021 2614 1076 2673 hac
1099 2632 1114 2672 e
1136 2614 1199 2674 loco

24 2691 76 2834 dlw
101 2700 182 2758 enata
211 2699 300 2759 flores
330 2699 446 2760 feminei
474 2700 612 2773 discoidei
641 2700 815 2775 proveniunt
844 2700 1062 2776 paraplrysibns
1092 2701 1199 2776 partim

23 2793 32 2832 ι
44 2795 69 2837 rs.

35 2883 173 2954 Specbnine
195 2889 276 2949 Maii
297 2890 512 2965 speciosissimi,
536 2909 553 2949 a
577 2891 625 2950 Dr.
649 2891 746 2949 Lrnnn
769 2890 798 2949 in
822 2893 911 2949 mont.
929 2889 1041 2966 Orepon
1062 2891 1148 2960 lecta,
1171 2892 1201 2948 et
1298 2953 1304 2964 ,

23 2963 55 3024 ina
73 2971 145 3048 „lla
166 2970 302 3054 insist
326 2975 411 3036 lira-r.
435 2995 453 3036 a
475 2970 792 3038 cresanciacum
814 2976 1024 3036 communicata
1047 2979 1116 3036 ante
1132 2992 1199 3035 ocu·

23 3055 98 3148 tabeo,
118 3079 188 3135 quae
211 3067 279 3124 toto
301 3064 380 3124 coelo
404 3081 421 3124 a
443 3081 540 3123 musco
564 3081 706 3140 europaeo
729 3081 817 3138 supra
841 3064 933 3124 citato
949 3063 1062 3123 distant
1077 3065 1107 3122 et
1122 3065 1200 3122 certe

23 3155 39 3194 u
57 3159 71 3200 a
90 3145 125 3204 ll.
147 3150 235 3224 affini
257 3149 343 3210 valde
367 3151 507 3210 distincta
530 3153 607 3210 sunt.

34 3243 128 3308 Maiam
140 3253 240 3312 aliare
256 3253 349 3312 Genu.
372 3253 468 3313 differt
490 3253 568 3314 foliis
591 3255 812 3329 angustioribus
834 3254 941 3314 sensim
957 3256 987 3314 et
1002 3251 1118 3328 longius
1133 3269 1202 3312 acu·

23 3331 64 3395 ntis.
83 3337 165 3396 multo
186 3339 281 3399 latius
304 3343 334 3398 et
356 3340 523 3416 longissime
547 3341 788 3413 decurrentibus,
812 3339 968 3400 denticulis
990 3339 1202 3415 marginalibus

23 3413 55 3474 ins
73 3423 202 3484 confertis
225 3426 410 3500 longioribus
433 3430 463 3485 et
485 3427 755 3498 subciliisormibns‚
782 3444 896 3486 sursum
919 3427 1124 3502 vergentibus,
1146 3426 1201 3484 reti

23 3524 35 3554 o
52 3511 207 3582 angustiore
232 3517 264 3572 et
287 3513 437 3584 solidiore3
468 3513 589 3588 capsula
614 3531 723 3590 magna
747 3511 787 3572 M.
810 3515 906 3572 amelii.
952 3513 1115 3587 Specimina
1138 3513 1203 3587 pul·

23 3589 74 3651 nna
107 3615 180 3659 anno
214 3599 301 3658 1842
340 3618 358 3658 a
395 3601 463 3661 clar.
495 3601 596 3660 Busan
627 3602 657 3659 in
688 3619 724 3659 m.
762 3599 1001 3678 secan-noane
1035 3599 1201 3675 provinciae

23 3695 87 3738 reae
105 3684 178 3746 lecte
202 3687 348 3762 possideo.

378 3882 408 3942 8.
438 3881 572 3940 mum
593 3880 754 3938 madium

366 3986 419 4044 Ba.
442 3989 472 4046 et
494 3988 562 4046 Sca.
584 3987 682 4061 Brpol.
705 4003 765 4046 eur.

30 4103 154 4192 Elatum,
182 4117 374 4199 speciosum,
405 4117 598 4202 praecedenti
622 4117 709 4183 valde
730 4113 841 4182 simile.
886 4112 989 4180 Oculis
1013 4111 1160 4196 simplex,
1187 4131 1204 4177 e

30 4209 178 4298 innovans,
208 4237 281 4286 raro
304 4219 480 4300 stoloniler‚
503 4221 642 4286 tomento
664 4217 829 4287 rediculari
852 4217 1001 4282 obtectus.
1046 4215 1134 4282 Folia
1156 4216 1204 4280 in-

23 4329 47 4376 u
59 4323 179 4402 remota,
200 4325 306 4402 orata,
329 4324 512 4403 acuminata
534 4323 666 4390 comella
680 4323 744 4388 late
758 4318 1067 4406 ungulato-enovata,
1088 4315 1205 4384 acumi-

23 4461 25 4486 .
43 4419 118 4488 basin
139 4445 247 4494 vorsus
269 4427 448 4511 angustata,
469 4429 598 4510 utreque
620 4427 687 4493 toto
710 4425 848 4510 margine
871 4422 1126 4507 arguennae,
1149 4439 1204 4487 en·

23 4519 172 4609 tlimbota
195 4529 348 4608 tenuiora,
370 4529 509 4596 siccitate
530 4529 632 4597 minus
654 4536 780 4596 curvata
803 4529 896 4609 atque
918 4526 1062 4612 crispata.
1098 4523 1204 4589 Floras

23 4626 107 4695 :mles
149 4631 288 4720 Oapsula
317 4632 349 4699 in
380 4633 527 4719 pedicello
556 4634 648 4722 longo
678 4633 792 4720 pallide
820 4631 936 4698 rubello
973 4629 1121 4698 inclinata
1156 4626 1236 4702 vel¹
