3182 5252
572 353 765 426 spungiam.
1232 357 1295 426 837

36 548 141 595 versus
165 529 357 596 subinvoluta
377 529 410 596 et
431 529 496 613 ipso
519 529 604 613 apice
625 529 761 597 obsoleto
782 529 923 607 demutor
945 529 1073 599 cellulae
1094 532 1235 617 hyalinae
1249 533 1299 599 in·

35 635 162 701 feriores
183 634 406 712 vermiculares,
429 635 597 718 superiores
619 634 813 701 abbreviatae
833 635 1175 720 hexagono-rhombum,
1196 638 1300 704 utrae-

37 759 92 821 que
122 739 251 806 librosae
282 741 314 806 et
343 758 486 822 perosae,
521 739 602 822 peris
632 738 807 806 inferiorum
829 737 994 806 rarioribus
1017 741 1113 806 multe
1135 741 1300 825 majoribus

37 862 126 924 quam
143 844 346 926 superiorem
368 843 462 909 limbo
484 842 598 909 inferne
612 841 831 928 angustissimo
851 860 978 924 superne
992 843 1081 929 paulo
1096 843 1220 921 latiore;
1243 845 1301 911 cel·

36 947 118 1012 lulae
140 947 401 1031 chlorepbyllesae
433 946 589 1014 inferiores
621 948 748 1030 utraque
771 946 847 1013 facie
871 947 1004 1025 liberae,
1036 949 1204 1032 superiores
1236 950 1302 1016 sola

36 1051 111 1118 facie
133 1053 261 1135 postica.
306 1052 472 1117 Amentnla
494 1051 628 1118 mascula
650 1051 763 1126 brevia,
786 1051 894 1117 obtusa
909 1051 1032 1117 tandem
1048 1053 1210 1135 spiculata,
1232 1054 1302 1120 snb·

36 1155 235 1222 luscescentia
267 1154 316 1222 vel
347 1155 484 1222 saturato
515 1153 633 1220 viridia.
678 1154 807 1221 Fructus
839 1153 871 1218 in
899 1155 984 1221 caule
1006 1156 1159 1240 superiore
1190 1157 1302 1240 eparsi;

36 1260 176 1326 ramulus
198 1257 422 1342 periebaetialis
445 1259 574 1343 longus3
596 1259 669 1324 lolia
691 1257 921 1342 perichaetialia
937 1258 1005 1341 plus
1020 1259 1160 1326 minusne
1175 1262 1302 1340 remota,

37 1362 320 1430 acuminato-erata
334 1363 454 1441 obtusa,
477 1382 597 1430 summa
610 1362 764 1429 latissima
779 1362 921 1456 oblonga,
943 1363 1257 1431 naviculari-cencava
1271 1367 1303 1430 et

38 1468 264 1546 subeonrelnta,
287 1467 372 1550 apice
393 1466 557 1533 rotundato
579 1466 897 1550 inciso-emarginata3
920 1467 985 1532 rete
1006 1466 1179 1548 perlatum,
1201 1469 1303 1534 tetum
1375 1522 1380 1532 .

38 1590 54 1636 e
75 1572 194 1637 cellulis
215 1569 383 1654 dimorphis
403 1573 615 1654 compositum,
637 1589 673 1637 eu
695 1570 826 1655 hyalinis
848 1571 999 1650 maximis,
1022 1570 1138 1636 inferne
1152 1572 1303 1657 elongatis

39 1675 75 1740 ad
97 1675 269 1762 marginem
298 1675 517 1759 pluriseriatim
549 1675 723 1762 angustatis
752 1674 940 1756 limbumque
961 1675 1084 1740 brevem
1106 1674 1303 1759 tingentibus,

40 1799 167 1862 superne
188 1779 392 1855 abbreviatis,
422 1779 594 1856 rhombeis,
625 1779 763 1844 omnibus
785 1778 923 1844 efibresis
947 1779 978 1844 et
999 1777 1154 1860 operosis,
1185 1779 1303 1846 cellulis

40 1883 291 1969 chlorophyllosis
313 1883 416 1950 vacuis
431 1883 604 1960 distinctis;
626 1883 743 1949 cellulis
766 1883 931 1964 apicalibus
953 1883 985 1947 et
1001 1881 1088 1948 limbi
1104 1901 1232 1967 superne
1247 1905 1304 1950 an-

40 1988 345 2070 gustissimipartim
367 1987 485 2054 solutis.
530 1988 702 2071 Descriptio
725 1987 762 2053 ad
785 1987 951 2070 specimina
973 2005 989 2051 e
1011 1985 1168 2069 Lapponia
1189 2006 1208 2055 a
1230 1989 1303 2057 elur.
1393 2011 1397 2018 ·

41 2091 211 2157 mosander
233 2092 339 2157 missa.
382 2092 469 2158 Icen:
493 2091 615 2158 Suuurv.
639 2093 743 2157 leones
765 2091 897 2158 Musoor.
921 2092 983 2158 tab.
1007 2089 1038 2156 4.

42 2211 224 2298 Spbepnam
246 2235 454 2300 squarrosnm
476 2233 540 2280 var.
562 2222 641 2280 teres
663 2213 733 2282 Son.
749 2214 833 2280 oliuu
865 2214 997 2280 Russen
1012 2213 1109 2281 Reitr.
1125 2235 1150 2280 a
1165 2215 1302 2282 Kenntn.

145 2318 175 2382 d.
199 2317 314 2386 Torim.
337 2337 367 2400 p.
391 2316 443 2384 64.

43 2422 226 2507 Sptopnam
257 2431 336 2490 teres
364 2425 501 2490 Asosra.
533 2423 565 2489 in
596 2423 752 2490 naucum
774 2422 884 2489 Skand.
906 2422 955 2488 sl.
1000 2423 1110 2488 Lnsns.
1133 2423 1304 2490 'lerlmoss-

146 2527 297 2612 bygguad.
322 2531 351 2593 in
374 2517 491 2596 Otrous.
515 2528 550 2594 ol
567 2529 606 2594 K.
630 2527 713 2593 Wet.
737 2528 793 2593 Al.
816 2528 907 2592 norb.
933 2525 1025 2594 1862.
1061 2527 1303 2609 summissum,

145 2631 244 2698 Beitr.
268 2652 294 2698 a.
316 2632 453 2699 Kenntn.
476 2631 530 2698 der
551 2631 706 2716 Sphagua.
751 2632 857 2696 Mnus
878 2631 984 2716 Bryol.
1007 2631 1095 2697 Siles.

125 2737 235 2802 Hotit.
259 2738 291 2802 in
312 2736 468 2820 paludosis
491 2739 556 2802 tam
577 2735 714 2818 planitiei
729 2755 820 2818 quam
834 2736 996 2814 montium,
1012 2737 1169 2819 praecipue
1184 2737 1215 2802 in
1231 2756 1306 2804 zena

42 2837 465 2925 intermedio-septentrionali
497 2842 527 2907 et
550 2840 797 2922 septentrionali,
827 2841 889 2906 suis
919 2841 994 2907 locis
1026 2841 1075 2906 sat
1104 2840 1241 2924 copiose:
1272 2843 1305 2908 in

43 2939 194 3026 bapponia
215 2944 333 3010 emensi
355 2963 446 3027 prope
468 2943 615 3030 Lyotselo
639 2943 713 3008 clar.
737 2943 915 3010 ducamen
937 2943 1053 3026 primm
1074 2945 1230 3027 distinxit,
1253 2948 1305 3015 de·

45 3043 110 3112 bine
130 3047 269 3130 pluribus
291 3046 366 3113 locis
388 3046 582 3131 lapponlae,
616 3048 760 3124 Pennino,
793 3047 933 3126 Sueciae,
964 3048 1136 3133 Norregiae
1159 3051 1304 3133 usquein

45 3151 195 3234 regionem
216 3150 351 3235 alpinam
372 3153 564 3226 obseruatum
587 3155 654 3228 est;
677 3153 709 3219 in
730 3151 895 3218 Hellandia
917 3153 960 3238 (v.
976 3170 1006 3218 e.
1024 3151 1304 3234 Sanun-Issenses),

45 3251 286 3338 iuWestpbalia
307 3255 359 3338 (H.
381 3255 537 3338 neuun),
560 3255 592 3321 in
614 3256 734 3336 Silesia,
756 3255 936 3340 praeprimis
951 3255 983 3320 in
998 3254 1130 3333 Sudetis,
1153 3256 1205 3323 nbi
1219 3275 1303 3324 cem·

47 3373 128 3422 mune
149 3359 300 3444 (monn),
330 3359 361 3424 in
384 3359 553 3444 Thuringia
582 3359 709 3444 (Rosa),
742 3360 774 3425 in
802 3379 844 3426 m.
871 3360 1001 3426 Tonans
1034 3361 1229 3448 (nunnus),
1257 3382 1302 3445 pr.

48 3457 150 3528 berno
173 3465 205 3530 in
228 3463 387 3530 Pertstire
417 3464 503 3548 (ltro
525 3465 671 3550 Krenai).
717 3465 819 3530 Etiam
850 3464 882 3528 in
903 3465 1045 3530 Amerim
1072 3467 1302 3548 septentrionali

47 3567 185 3640 prevenit.

126 3671 234 3737 Fruct.
256 3679 371 3738 matur.
395 3673 522 3738 aestate.
566 3673 695 3739 Fructus
717 3673 755 3738 ob
777 3670 963 3738 dioioitatem
987 3671 1086 3738 rarius
1109 3673 1300 3755 preveniunt.

126 3799 236 3858 Habitu
259 3799 358 3860 lormis
380 3800 590 3860 robustioribus
605 3799 674 3876 spe.
694 3800 838 3875 ccrdifelie'
858 3801 905 3859 sat
927 3799 1027 3871 simile,
1049 3801 1099 3858 sed
1122 3799 1214 3874 primo
1236 3801 1300 3859 sisu

50 3881 146 3956 celere,
175 3885 253 3946 foliis
275 3887 383 3946 arctius
405 3887 580 3958 imbricatis,
611 3887 640 3945 in
667 3887 768 3946 mediis
790 3887 909 3946 ramulis
931 3887 1012 3961 apice
1033 3886 1142 3960 patulis
1163 3886 1210 3946 vel
1232 3888 1300 3946 snb·

51 3974 174 4045 recursis,
196 3973 381 4046 mollioribus,
404 3975 497 4035 nitore
512 3974 674 4033 subsericae
694 3975 936 4050 distinguendum.
967 3973 1067 4044 Quoad
1082 3974 1201 4034 formam
1218 3973 1299 4034 folio·

52 4069 105 4114 rum
126 4060 302 4120 caulimrum
325 4062 357 4120 ut
380 4079 476 4122 eornm
498 4064 687 4134 structuram,
714 4079 766 4122 nec
795 4078 851 4122 non
882 4061 976 4136 quoad
999 4062 1175 4120 structuram
1197 4061 1299 4120 bistie·

51 4137 162 4216 logicam
185 4147 314 4207 foliorum
339 4148 563 4220 ramulinorum,
585 4148 655 4226 Spa.
677 4167 834 4226 spaorreso
856 4148 978 4208 maxime
1000 4147 1101 4220 simile,
1123 4149 1152 4206 et
1175 4147 1222 4206 vir.
1245 4148 1299 4207 ali·

52 4227 90 4285 lar
109 4233 274 4294 distinctum
297 4253 383 4310 qnam
404 4238 520 4296 statura
542 4236 632 4295 multo
654 4236 814 4312 graciliore,
837 4236 930 4296 celere
948 4235 1063 4310 saepius
1078 4233 1255 4294 lassescente
1271 4237 1300 4294 et

53 4311 208 4393 latescente,
230 4322 397 4384 indumento
419 4324 509 4383 caulis
524 4323 643 4394 laxiore,
665 4323 794 4398 cylindro
808 4323 906 4398 lignee
922 4322 1064 4392 solidiore,
1086 4320 1162 4381 foliis
1178 4322 1299 4381 caulinis

54 4405 139 4470 letius
160 4409 342 4484 spathulato-
365 4429 450 4487 quam
473 4410 766 4487 oblongo-lingulatis
788 4411 825 4470 ad
847 4409 931 4469 basin
948 4409 1096 4468 evidenter
1109 4408 1247 4480 limbatis,
1269 4411 1299 4468 et

55 4488 328 4582 tandemdioieitate
350 4498 459 4558 dorum.
504 4499 618 4558 Remuli
640 4499 718 4558 hand
740 4515 804 4556 rare
826 4497 958 4556 seherum
985 4495 1183 4556 imbricatiene
1199 4497 1298 4556 exacte

53 4575 144 4644 illaesi
164 4585 355 4660 reperiuntur.
