3188 5230
280 276 343 342 120
801 275 1023 333 Fiasidautaeeae.

363 459 566 534 llagnitucline
589 461 620 518 et
641 458 745 518 babitu
769 460 854 520 valle
876 461 1041 520 variabilis:
1077 460 1107 520 in
1135 460 1208 520 locis
1232 461 1417 535 palustribus
1438 461 1536 534 planto

276 545 523 620 subsemipedales
544 546 744 620 reperiuntur,
766 547 797 606 in
819 547 989 607 siccioribus
1011 548 1059 607 uix
1084 547 1250 622 pollicares.
1286 549 1431 608 Foliorum
1453 547 1536 605 limbus

276 632 343 707 plus
363 633 459 692 minus
480 633 638 692 distinctus
660 633 854 708 conspicitur;
876 635 995 708 plantae
1018 635 1099 694 sicca
1122 634 1294 694 habitantes
1317 653 1381 694 eum
1397 635 1472 694 haul
1487 651 1537 689 ram

277 719 396 794 pulchre
418 719 627 791 latescentem,
649 719 783 780 latiorem
806 725 895 797 atque
918 722 1134 782 distinctiorcm
1156 722 1270 786 babent
1292 740 1380 796 quam
1403 719 1538 780 bumilita-

277 807 317 864 tis
339 805 460 866 incolae.
504 807 604 867 liores
630 808 753 866 masculi
774 809 852 868 baud
876 827 941 869 raro
964 809 994 868 iu
1017 809 1132 884 plantis
1154 808 1316 868 fructiferis
1338 811 1457 878 desunt;
1480 823 1539 864 nuu-
1575 791 1576 876 l

277 911 364 967 quarn
387 893 502 968 copiose
524 894 718 969 reperiuntur.

607 1095 636 1152 0.
671 1094 802 1152 Floret
820 1095 938 1164 eliciet,
955 1097 1087 1166 fractos
1103 1095 1226 1167 tpaoti.

661 1244 709 1302 la.
740 1242 915 1300 Fissidans
936 1241 1179 1301 Welwltscbil.
1575 1287 1576 1300 r

369 1372 568 1456 caspiam,
598 1374 870 1442 emansorem
902 1374 1220 1458 1-2-p01uarnus‚
1250 1371 1543 1440 uastauerant.

282 1477 372 1546 Folia
392 1479 485 1546 dense
506 1480 652 1559 conferta,
675 1481 743 1547 basi
765 1481 950 1560 imbricata,
971 1480 1115 1560 linealia,
1137 1479 1332 1558 acuminata,
1354 1477 1543 1562 integerrima
1575 1489 1576 1494 ’

283 1581 395 1661 laevia
417 1582 534 1650 lamina
556 1585 697 1652 vuticali
719 1586 876 1652 auriculae
899 1585 1140 1669 subaequilonga
1162 1584 1212 1649 rel
1234 1583 1384 1662 breuiore,
1407 1582 1484 1648 inira
1502 1581 1546 1644 ba·

284 1685 333 1752 sin
355 1687 449 1771 bujus
471 1687 649 1755 decurrente
671 1690 720 1755 vel
742 1689 845 1755 subito
867 1689 1014 1772 abrupta,
1046 1688 1099 1754 ala
1119 1687 1236 1754 dorsali
1257 1684 1416 1754 auriculae
1435 1686 1491 1752 alis
1508 1683 1545 1748 (li-

286 1790 452 1858 midissel
474 1791 569 1858 tertia
592 1795 681 1876 parte
702 1793 898 1878 augustiore;
931 1795 1016 1859 costa
1045 1793 1096 1858 sat
1118 1790 1313 1858 validarum
1336 1791 1406 1856 solii
1427 1789 1545 1857 acumine

283 1895 429 1980 evanida;
451 1896 563 1963 areolis
586 1897 662 1963 retis
684 1897 803 1982 hyalini
817 1897 1167 1981 rotundato-hexagonis
1186 1894 1437 1962 distinctissimis
1452 1893 1545 1978 pellib
1575 1911 1576 1998 p

284 1997 442 2065 viridibus.
486 1999 594 2066 Flores
626 2001 750 2067 feminei
779 2001 837 2067 soli
866 2000 934 2068 noti
957 1999 1101 2068 axillares
1124 2001 1172 2066 vel
1194 1999 1367 2082 complures
1391 1999 1425 2064 im
1446 1997 1547 2064 ramulo
1575 1999 1576 2078 ξ

283 2099 370 2168 breui
378 2101 512 2184 laterali,
527 2103 720 2188 tetrapbylli,
736 2103 818 2170 loliis
833 2103 1102 2187 periubaetialibns
1117 2103 1282 2169 lesternis
1298 2101 1453 2180 brevibus,
1467 2101 1547 2164 inter·
1575 2103 1576 2148 l

283 2204 332 2271 uis
355 2208 406 2271 sat
427 2205 539 2291 longis,
561 2205 678 2272 lamina
699 2207 840 2273 reticuli
856 2207 1054 2290 perangusta,
1077 2205 1281 2272 crassiuscule
1295 2205 1437 2280 costam
1458 2203 1547 2268 mele·

283 2307 378 2394 genia
399 2309 482 2394 stylo
503 2308 694 2395 longiusculo
715 2309 876 2390 instructa,
899 2311 1136 2394 aparaphysata.

224 2501 232 2516 ,
372 2431 481 2496 Hace.
514 2432 547 2499 in
579 2432 740 2518 sylvaticis
768 2433 921 2499 umbrosis
944 2432 982 2498 ad
1005 2434 1122 2499 terram
1145 2450 1237 2513 prope
1263 2429 1382 2496 Caldus
1405 2431 1443 2494 de
1465 2431 1548 2494 Gen:

283 2533 464 2602 Lusitaniae
484 2535 537 2601 ubi
558 2537 597 2602 cl.
620 2536 816 2602 Wsuwrrscs
839 2537 1003 2619 caespitem
1024 2534 1148 2601 unicum
1171 2535 1344 2619 Septembri
1374 2533 1455 2602 1848
1475 2531 1549 2618 legit

284 2641 319 2706 et
341 2637 438 2705 serim
459 2639 707 2708 communicarit.

372 2749 477 2810 nmen
499 2768 517 2810 a
538 2751 579 2811 m.
592 2751 758 2827 papulae
779 2751 933 2811 tenuibus
955 2750 1049 2810 mnus
1070 2750 1150 2821 rate,
1173 2749 1250 2810 raros
1273 2749 1492 2824 angustioribus
1505 2747 1551 2804 ee·
1575 2698 1576 2734 ι

285 2834 374 2895 citata
397 2835 476 2896 baud
499 2837 626 2909 deflexis,
649 2838 805 2914 angustius
827 2837 975 2908 areolatis,
999 2837 1194 2912 integerrimis
1217 2837 1263 2896 rel
1278 2837 1340 2896 solo
1356 2853 1467 2896 summo
1483 2833 1551 2908 spir·
1575 2909 1576 2916 ἶ

284 2921 430 2984 lenissime
453 2923 553 2996 erosis,
575 2927 658 2986 costa
681 2943 745 2985 cum
769 2924 851 3000 apice
874 2925 1000 2986 evanida
1022 2942 1075 2984 uec
1098 2925 1167 2985 ante
1190 2941 1256 2984 eum
1278 2923 1384 2984 soluta

712 3135 759 3191 17.
787 3133 964 3192 Plssldems
985 3133 1139 3191 rufulus.

724 3257 777 3316 Ba.
800 3260 830 3317 et
853 3259 920 3318 Seu.
942 3257 1041 3334 Bryol.
1064 3273 1123 3317 eur.

368 3382 468 3451 Denso
497 3387 703 3470 caespitosos.
750 3389 854 3456 Caelis
887 3390 1005 3456 erectus
1035 3387 1209 3455 dichotoma
1241 3383 1556 3470 asugimenmen

285 3487 445 3553 confertim
467 3487 603 3556 foliosus.
648 3492 737 3558 Folia
760 3491 945 3578 multijugo,
969 3489 1182 3574 subaequalia‚
1205 3487 1425 3562 cultril’ormia,
1448 3486 1555 3554 lamine

284 3589 425 3656 verticuli
453 3592 526 3658 folio
554 3593 622 3676 ipso
650 3597 741 3678 paulo
770 3597 908 3664 breviore
942 3595 981 3662 ad
1012 3593 1101 3662 basin
1132 3611 1229 3675 usque
1258 3591 1429 3674 producta,
1472 3587 1576 3668 limb]

284 3712 387 3761 crasso
408 3695 563 3780 peulisper
586 3699 713 3766 subuel
735 3718 805 3767 cum
831 3699 918 3782 apice
950 3695 1246 3765 eroso-denticulato
1278 3693 1424 3772 evanida,
1453 3689 1576 3778 rotule}

284 3798 423 3884 margine
444 3801 644 3886 subgibbosc,
667 3806 754 3870 costa
776 3804 895 3882 valida,
918 3803 1015 3870 limbo
1035 3800 1194 3868 conectere
1215 3819 1283 3866 cum
1314 3799 1401 3881 apice
1424 3791 1576 3866 finiente-l

284 3901 360 3970 retis
383 3904 493 3971 areolis
516 3905 643 3972 minutis
666 3905 1015 3992 rotundato-hexagonis
1038 3924 1127 3988 parce
1150 3901 1418 3988 chloropbyllosis
1457 3903 1555 3968 Flore

284 4006 315 4072 et
336 4007 453 4074 tructus
474 4009 583 4093 ignoti.
629 4009 736 4096 Bryol.
760 4030 823 4077 eur.
847 4011 916 4077 Vol.
932 4013 958 4092 I,
981 4009 1057 4076 Tab.
1077 4009 1148 4076 102.

370 4125 479 4194 Hace.
512 4129 551 4196 ad
573 4131 673 4197 Rheni
701 4133 892 4198 cataractam
915 4132 998 4200 socio
1022 4131 1060 4197 F.
1082 4130 1330 4217 praediscendo,
1362 4130 1401 4196 ad
1431 4129 1576 4194 rivulum

285 4227 453 4296 Mttblbaeb
485 4251 578 4316 prope
608 4233 822 4320 Salisburgum
855 4237 894 4304 ab
925 4256 986 4304 am.
1010 4236 1065 4302 Dr.
1089 4235 1211 4302 Ssursn
1243 4235 1365 4318 copiose
1395 4233 1508 4300 lectum
1531 4245 1576 4332 et¹

283 4334 549 4402 communicatum.
1575 4335 1576 4340 ἵ

348 4446 350 4449 ¹
370 4459 478 4524 Planta
500 4462 720 4539 elegantissima
742 4467 782 4525 F.
805 4467 968 4541 crossipedt
990 4469 1067 4528 haud
1092 4467 1251 4535 dissimilis,
1273 4467 1324 4528 aad
1342 4485 1394 4542 pro
1410 4485 1484 4526 mere
1501 4485 1556 4522 nrt·

280 4545 341 4620 jor,
364 4563 491 4622 ramosa,
514 4549 591 4610 foliis
613 4551 698 4610 siccis
720 4554 900 4626 explanatis,
924 4555 1050 4614 crassius
1079 4555 1219 4625 limbatis,
1241 4553 1331 4614 limbo
1354 4557 1384 4612 et
1407 4562 1486 4614 costa
1510 4574 1557 4610 e.-

283 4633 387 4692 rautiis
410 4633 455 4694 vel
477 4635 591 4712 rulubs,
614 4637 719 4698 areclis
741 4639 899 4700 minoribus
922 4642 1098 4717 regulariter
1120 4641 1471 4718 rotundato-beangean
