3128 5254
552 395 719 468 Ermum.
1208 399 1271 464 725

100 567 197 635 Frucl.
219 577 335 634 matur.
359 571 486 635 aestate.

100 679 158 738 lar.
172 680 193 752 β
209 687 367 758 protereus
388 680 466 758 Hyp.
488 681 595 740 suboli
617 680 719 750 simile,
741 679 880 755 gracilius
894 681 1002 750 temen,
1025 681 1144 739 ramulis
1159 681 1273 740 tenuio-

33 766 91 823 u'bos
112 767 293 834 acutioribus,
315 767 393 826 foliis
416 768 575 828 minoribus
597 767 691 828 minus
714 768 801 826 dense
824 761 962 826 confertis
985 767 1102 842 longius
1125 767 1273 828 acumina-

33 853 64 917 lis,
84 857 156 912 cosla
177 855 259 914 tenui
282 855 405 930 simplici
426 854 610 930 longiuscula
624 854 786 926 instructis,
809 853 904 913 lanius
919 854 1017 925 textis,
1040 855 1176 930 capsulae
1192 855 1273 930 podi-

33 939 80 998 :ello
94 941 214 1002 flexuoso
229 943 368 1002 tenuiore.
395 942 463 1002 Var.
479 941 499 1012 o
515 941 563 1002 hio
579 941 638 1001 illic
649 941 692 1000 Ἡ.
707 940 911 1016 Somovcrscltc'i
933 941 980 1000 vix
1003 943 1098 1017 majus
1121 945 1167 1002 est
1183 944 1271 1017 atque

32 1026 98 1085 trimo
118 1027 223 1088 intuitu
247 1029 363 1089 difficile
386 1031 424 1089 ab
446 1046 479 1089 eo
502 1029 747 1106 distinguendum.

90 1129 172 1190 Haud
196 1133 395 1192 extricandam
418 1135 464 1192 est
486 1150 524 1192 an
547 1131 586 1192 H.
604 1133 831 1210 polpmovplrom
853 1131 956 1191 liauw.
989 1135 1027 1194 arl
1049 1135 1125 1194 banc
1148 1134 1272 1209 speciem

32 1215 180 1278 sieroudum
203 1219 243 1278 sit
265 1238 303 1280 au
325 1221 362 1279 ad
377 1219 416 1280 H.
433 1219 646 1296 Sormnerfcltii.

417 1430 447 1486 5.
477 1427 647 1498 Hypnum
667 1427 856 1484 stellstuna

490 1551 614 1610 Serrana.
636 1549 680 1610 ΕΙ.
703 1548 782 1625 Lips.
852 1607 860 1616 ,

83 1678 249 1759 Dioicum,
271 1680 436 1759 robustius,
460 1681 578 1747 elatum
601 1681 648 1747 vol
670 1680 853 1748 decumbens
875 1682 907 1746 ct
929 1682 1132 1763 prostratum,
1156 1678 1273 1762 caespi-

29 1783 233 1850 ueliormaus
254 1803 324 1850 mox
346 1784 510 1868 profundos
533 1786 683 1863 laxiores,
705 1804 774 1852 mox
797 1785 946 1852 demissos
968 1785 1129 1852 intricatos
1151 1805 1168 1851 e
1188 1785 1273 1850 lusco

29 1884 44 1950 vl
70 1905 106 1952 er
134 1907 233 1976 aureo
255 1889 450 1968 latescentes,
474 1908 543 1956 raro
566 1890 759 1956 virescentes.
804 1888 908 1956 Gauiis
930 1891 1159 1956 subdicbotome
1181 1887 1271 1955 iasti-

29 1993 252 2068 aco-ramosas,
274 2011 363 2075 paroc
378 1994 569 2059 radiculosus
584 1995 631 2058 vel
648 1993 876 2059 eradioulosus.-
896 1994 982 2060 Folia
997 1993 1143 2070 conferta,
1166 2011 1274 2076 equor-

28 2111 69 2168 ea,
93 2095 359 2176 subdscurrentio,
381 2100 490 2164 ovato·
509 2102 540 2164 et
554 2099 618 2164 late
634 2097 962 2181 oblongo-lanceolata,
985 2101 1074 2164 acuto
1088 2098 1272 2177 acuminata,

29 2197 156 2279 bplona,
190 2200 408 2285 integerrima,
440 2202 590 2278 nitentia,
613 2203 717 2268 metae
739 2201 805 2267 loco
828 2201 914 2267 striis
937 2201 1055 2267 duobos
1078 2200 1273 2283 perbrevibus

27 2301 113 2368 leolis
130 2305 265 2381 notata;
287 2305 474 2372 arcolstiouo
495 2307 715 2392 augustissima
734 2305 1075 2382 subuurlulato-liueari,
1090 2305 1129 2372 ad
1144 2306 1273 2390 angulos

27 2411 151 2474 cavatos
177 2408 321 2486 dilatato,
342 2410 532 2494 reotaugola,
555 2411 706 2478 aurantia.
752 2411 864 2476 Plauto
886 2409 1024 2477 muscula
1046 2410 1177 2476 leminea
1199 2429 1273 2494 gra·

29 2513 82 2590 tor,
106 2515 221 2580 minus
243 2533 373 2581 ramosa.
405 2515 629 2582 Perichaetium
652 2515 684 2580 in
706 2515 827 2581 ramulo
842 2515 981 2597 perbrevi
996 2513 1187 2580 eraticuloso
1201 2513 1274 2580 sub-

26 2615 154 2700 ginans,
182 2617 265 2684 foliis
287 2617 481 2685 inferioribus
503 2619 635 2686 emedio
650 2619 794 2698 recurvis,
816 2619 1020 2701 superioribus
1043 2617 1152 2686 erectis
1175 2617 1274 2684 soloa-

47 2721 78 2784 in
105 2720 271 2804 apiculum
293 2721 468 2789 filiiormem
492 2723 654 2788 continuis.
700 2721 833 2806 capsula
855 2723 1119 2800 incurvo-cemus,
1142 2722 1274 2806 oblonga

29 2824 280 2908 subcylindrica,
295 2826 478 2902 rulo-badio,
500 2827 640 2910 operculo
656 2827 840 2905 acuminato,
864 2828 976 2893 annulo
991 2828 1068 2894 lato.
1099 2826 1275 2893 Peristomii

26 2933 91 2994 ntes
108 2929 237 2994 inferne
253 2929 397 3008 aurentii,
420 2948 548 3013 superne
562 2931 758 3011 lutosoentes,
782 2949 939 3015 processus
956 2930 1006 2996 vix
1021 2931 1137 2998 rimosi.
1167 2930 1273 3014 Bryol.

26 3051 42 3098 r.
68 3033 149 3100 Vol.
177 3031 217 3112 V,
240 3032 315 3098 Tab.
339 3032 412 3099 584.

26 3177 150 3238 mnam
176 3172 266 3220 coma
281 3153 458 3234 latescente,
482 3155 727 3222 extremitatibus
742 3155 886 3222 stellatis.
931 3156 1060 3220 Drusus.
1077 3154 1159 3221 Hist
1174 3155 1272 3221 Mose.

26 3385 151 3448 rpnum
172 3362 331 3428 marom
352 3361 486 3430 senece.
510 3363 557 3428 lu.
574 3363 657 3447 Lips.
681 3382 710 3446 p.
727 3361 779 3430 92.
811 3363 919 3428 Esou.
943 3361 1028 3446 Spes.
1051 3362 1151 3428 Musc.
1181 3360 1271 3428 Bam.

91 3465 213 3550 Brpol.
236 3465 319 3531 univ.
363 3465 521 3531 niumm
551 3464 662 3533 Skaud.
694 3465 741 3532 Ill.
787 3467 835 3532 Du
857 3465 995 3532 Nomius
1022 3464 1098 3548 Syll
1129 3464 1160 3530 et
1190 3463 1271 3549 Epil.

92 3569 134 3636 Ο.
155 3569 293 3634 Mutuus
313 3568 442 3653 Synops.
488 3569 546 3635 Bu.
569 3571 601 3636 ot
622 3569 695 3636 Seu.
720 3570 823 3654 Brpol.
847 3589 908 3636 eur.

26 3695 47 3740 r.
67 3681 92 3752 β
104 3679 315 3760 preteream,
337 3673 424 3738 ceule
445 3672 577 3738 demisso
594 3673 783 3756 subrepente,
807 3673 896 3740 volde
911 3691 1041 3751 ramoso,
1063 3671 1154 3740 deuse
1169 3692 1273 3739 ramu-

91 3778 182 3854 loso,
206 3775 356 3858 caespites
379 3775 513 3843 efficiens
536 3777 736 3844 condensatos
760 3777 885 3861 pulchre
906 3775 1200 3842 viridi-lutesceutos
1223 3775 1272 3843 vel

92 3879 206 3946 diluto
229 3878 459 3958 aureo-virides,
483 3880 565 3946 loliis
587 3879 783 3947 brevioribus.

26 4005 152 4072 prtum
175 3983 344 4048 Medon
362 3985 645 4068 provocassem.
669 3984 775 4069 Bryol.
799 3987 880 4050 univ.

63 4105 194 4172 Habit.
223 4103 255 4168 iu
278 4101 376 4186 pratis
399 4103 558 4188 uliginosis
580 4107 613 4171 et
636 4105 667 4170 iu
688 4105 773 4171 terra
794 4103 958 4189 spongiosa
980 4103 1111 4188 regionis
1133 4121 1270 4186 campes-

53 4213 95 4276 et
125 4208 305 4286 montanae,
328 4207 427 4273 rarius
450 4208 587 4291 alpinae,
614 4227 679 4274 var.
702 4216 722 4287 β
745 4209 784 4274 ad
807 4227 879 4274 saxa
901 4211 933 4274 et
954 4227 1044 4291 rupes
1066 4207 1199 4272 irrorata
1221 4207 1270 4274 vel

26 4315 107 4378 lida
137 4309 274 4394 regionis
297 4311 470 4392 montense,
493 4314 651 4397 praecipue
674 4312 825 4378 montium
850 4311 1058 4390 calcariorum,
1081 4311 1111 4376 in
1137 4330 1176 4379 m.
1192 4311 1269 4379 Jura

26 4421 74 4484 'to
104 4413 269 4498 copiosius
292 4433 383 4497 quam
406 4415 503 4484 torma
525 4417 681 4484 normalis.
708 4454 713 4468 ·

61 4521 194 4586 Fruar.
216 4526 333 4584 amtor.
357 4521 486 4587 aestate.
531 4522 661 4588 Fructus
684 4521 823 4587 rariores.

59 4651 105 4710 In
140 4646 308 4722 spongiosis
331 4649 474 4725 caespites
490 4651 622 4711 offormat
638 4651 712 4712 eatis
728 4652 895 4726 profundos,
917 4653 1060 4720 extensos,
1082 4666 1184 4724 parum
1200 4665 1268 4708 con·

26 4743 132 4798 satos
155 4735 216 4794 illis
231 4733 308 4813 Hyp.
324 4739 471 4814 cuspide&
492 4739 665 4812 subsimilss,
686 4755 740 4815 pro
763 4754 840 4800 more
863 4737 1057 4798 luscescentes
1079 4738 1109 4796 et
1130 4737 1167 4798 ao
1183 4733 1267 4796 basin
