3316 5262
293 340 357 409 762
854 345 1021 418 Hypnaosae.

380 516 489 582 Hadid.
512 518 542 584 in
566 518 718 586 Bavariae
740 539 860 586 summa
880 521 961 605 Alpe
983 498 1209 607 Malcrakopf,
1231 521 1322 587 ubia
1345 520 1384 586 el.
1399 519 1546 588 Seuerum

290 620 424 789 3213?
438 622 563 701 lectum,
586 625 619 689 et
634 624 741 690 debinc
761 624 898 708 pluribus
919 624 990 691 aliis
1012 624 1088 692 locis
1110 625 1143 690 in
1165 624 1294 690 summis
1309 622 1437 706 Alpibus
1457 623 1548 689 obaer-

378 833 482 894 Diliert
505 837 542 895 eb
564 836 603 895 Η.
625 837 774 915 faatioiala‘
794 838 888 899 forma
910 840 1090 900 condensata
1113 839 1191 900 loliis
1213 839 1409 915 longioribus,
1435 839 1550 914 integer·

290 921 380 994 rimis,
401 923 497 982 laxius
513 923 611 996 textis,
627 926 665 986 ab
681 925 719 985 Η.
735 926 877 1005 Hcacflem',
900 927 978 988 foliis
993 927 1286 1000 circinato-bematis,
1301 927 1490 1004 integerrimis
1504 931 1551 984 etc.

663 1083 721 1139 40.
752 1083 921 1153 Hypanim
943 1081 1192 1141 dolonattlonm.

638 1205 735 1264 blmnu
758 1206 858 1282 qut.
880 1205 955 1266 Flor.
978 1205 1056 1266 tirol.
1079 1206 1134 1265 No.
1153 1205 1223 1264 101.

376 1316 494 1383 Habitu
516 1319 548 1384 et
570 1319 781 1403 magnitudine
804 1320 848 1385 H.
862 1320 1028 1406 featiyialo
1051 1319 1162 1400 simile,
1184 1316 1554 1405 fastigiata-aucupibusum

290 1419 452 1486 veldense
475 1421 663 1505 implexum,
685 1422 766 1490 lecte
787 1425 819 1489 et
842 1424 1198 1503 subluteeaenti·viride,
1222 1424 1326 1490 molle.
1374 1421 1474 1488 Gauiis
1495 1439 1554 1503 per·

290 1525 404 1604 tenuis,
428 1525 556 1611 longus,
580 1526 760 1605 ascendens,
783 1527 862 1594 rami
884 1529 932 1594 vel
955 1529 1057 1594 caules
1080 1527 1253 1596 secundarii
1274 1527 1379 1606 erecti,
1402 1525 1518 1593 cautim.
1538 1523 1554 1587 1

290 1628 372 1694 circe
394 1627 471 1708 alti,
493 1631 805 1713 pinnato-ramulosi,
840 1631 994 1699 radicibus
1016 1631 1093 1698 rufis
1116 1631 1232 1714 sparsis
1255 1632 1288 1697 et
1308 1630 1497 1698 fasciculatis
1517 1629 1555 1694 iu·

290 1732 412 1800 structi.
442 1734 532 1802 Folia
546 1736 669 1802 caulina
683 1737 949 1820 ercam-patentia,
973 1738 1053 1804 sicca
1067 1736 1297 1815 subimbricate,
1312 1737 1364 1803 vel
1380 1735 1555 1802 subsecanda

290 1839 322 1902 et
345 1839 485 1919 secunda,
507 1859 611 1907 ramea
626 1841 895 1921 falcato-secunda,
918 1842 1033 1923 tauma,
1055 1842 1254 1927 augmentata
1269 1841 1407 1925 hyalino,
1429 1859 1464 1906 er
1478 1840 1555 1905 ovato

290 1940 405 2006 sensim
425 1945 557 2028 anguste
579 1945 750 2012 lanceolata
772 1947 805 2011 et
826 1945 1018 2030 longiuscule
1041 1947 1130 2012 acute
1161 1946 1355 2025 scammata,
1387 1944 1476 2011 valde
1494 1959 1554 2008 cou-

289 2065 366 2112 aava
381 2045 507 2130 basique
521 2047 712 2127 subsaacate,
734 2049 773 2116 ad
787 2049 916 2136 angulos
931 2049 1089 2117 lenissime
1103 2049 1296 2116 decurrentes
1312 2049 1398 2114 baud
1413 2049 1554 2120 exaurata,

290 2149 505 2234 integerrima,
528 2154 665 2220 eoostata
687 2174 741 2220 seu
763 2155 865 2221 costee
886 2152 953 2221 loco
977 2153 1073 2221 striae
1094 2155 1171 2220 duae
1193 2153 1397 2220 brevissimae
1418 2153 1555 2218 lutesoen·

292 2257 355 2332 tes;
378 2255 454 2322 retis
478 2257 635 2325 delicatuli
657 2259 779 2326 areolae
801 2257 966 2338 breviores,
988 2260 1120 2344 anguste
1135 2257 1363 2336 vermiculum,
1386 2257 1427 2323 ad
1441 2254 1555 2340 angulos

290 2358 388 2426 laxius
404 2361 774 2449 hexagono-rectengulae
789 2367 822 2428 et
836 2362 875 2429 ad
890 2381 994 2429 sonim
1016 2363 1187 2448 marginem
1209 2362 1241 2427 in
1263 2381 1324 2428 una
1349 2363 1428 2428 serie
1449 2359 1554 2445 longina

290 2465 504 2550 reatangulas3
535 2465 608 2533 lolia
629 2469 782 2534 ramulina
803 2467 1139 2546 subfalcatoeecunda,
1162 2467 1290 2534 caulinis
1312 2467 1347 2532 et
1370 2465 1482 2534 romeis
1510 2463 1554 2528 rui

290 2586 375 2648 nora,
397 2569 733 2654 elliptiao-lauceolata,
757 2572 876 2652 nuidis,
899 2573 987 2639 striis
1009 2571 1195 2639 basilaribns
1217 2572 1321 2638 nullis.
1369 2567 1555 2654 Paraphyllia

290 2674 411 2741 anuline
433 2695 547 2759 peuce,
569 2676 742 2744 lanceolata
763 2678 822 2763 vel⁸
837 2677 1065 2744 subcircularia.
1109 2677 1216 2743 Floras
1238 2675 1383 2756 feminei,
1413 2675 1470 2742 soli
1490 2671 1554 2748 noti

290 2776 432 2862 graciles,
455 2779 538 2846 loliis
560 2780 680 2860 croatia
703 2780 832 2847 internis
847 2799 864 2846 e
879 2779 1051 2847 lanceolata
1067 2779 1230 2858 subuletie,
1254 2779 1399 2846 omnibus
1414 2775 1554 2864 pertenui·

289 2881 356 2962 bus,
379 2885 536 2963 mastatio,
559 2883 705 2951 esuloatis
725 2875 885 2968 laxiusque
908 2885 1014 2966 tertiS,
1036 2885 1122 2967 apiae
1144 2883 1371 2950 obsoletissime
1395 2879 1553 2952 sarmada

290 2987 473 3072 archegonie
495 3007 601 3072 pauca,
624 3007 714 3072 perae
737 2989 956 3074 paraphysata.

291 3092 446 3178 Hypnem
465 3093 678 3158 dolendiaum
699 3093 804 3158 Mnus
825 3093 898 3159 Bot.
922 3091 999 3161 Zeit.
1024 3091 1119 3172 1801,
1140 3093 1222 3160 Auli.
1246 3111 1275 3176 p.
1291 3091 1346 3158 21.
1378 3093 1427 3160 Dr
1449 3090 1553 3157 Norae

291 3301 446 3386 Hypatam
465 3299 666 3385 faetiqialum
690 3320 754 3367 var.
778 3301 989 3366 manticem
1010 3300 1165 3366 Montano
1187 3301 1286 3367 Musa
1310 3299 1396 3365 tirel.
1418 3299 1476 3364 No.
1491 3294 1535 3362 lt.

379 3405 487 3470 Habit.
511 3404 542 3470 in
559 3404 663 3491 Tyrol.
687 3405 794 3472 merid.
811 3405 890 3489 Alpe
906 3405 1105 3492 Seiaewdlp
1129 3405 1213 3473 altit.
1231 3403 1316 3472 2300
1331 3425 1394 3485 m.,
1417 3404 1467 3471 ubi
1485 3417 1552 3468 auno

293 3507 376 3575 1863
398 3510 437 3573 cl.
462 3510 568 3574 Minue
590 3509 719 3586 detexit;
742 3509 773 3574 iu
796 3509 878 3576 saris
903 3508 1042 3576 00100110
1057 3509 1193 3594 regionis
1210 3509 1331 3595 alpinae
1345 3512 1378 3576 et
1393 3506 1553 3590 subalpinae

290 3613 449 3693 Rhaetica,
472 3615 632 3698 praecipue
654 3615 685 3680 in
708 3614 840 3681 molibus
863 3615 1002 3681 anaticis
1017 3615 1049 3680 in
1071 3614 1130 3680 Vel
1146 3613 1337 3680 Otiamaerc
1359 3615 1416 3680 alt.
1431 3611 1551 3679 200⁰m.

290 3717 491 3795 abundanter,
513 3720 612 3786 rarius
633 3720 666 3786 iu
689 3720 771 3787 saxis
793 3719 953 3806 gueissicis
969 3721 1001 3787 et
1015 3719 1159 3788 micaaeia
1172 3719 1359 3805 (Prsrrun);
1381 3719 1477 3786 lorma
1489 3731 1550 3802 gn·

290 3822 434 3890 ailescene
457 3823 528 3889 laxa
550 3822 582 3889 in
605 3825 703 3909 sylvis
725 3825 877 3892 umbrosis
900 3825 939 3891 ad
961 3825 1147 3911 Mittanterq
1169 3845 1215 3909 pr.
1233 3825 1332 3904 Odor,
1355 3825 1413 3892 alt.
1435 3821 1550 3892 stom,

289 3927 321 3991 iu
346 3927 568 4010 Seeldrctobel,
590 3929 647 3995 alt.
673 3929 756 3994 1000
772 3948 831 4004 ω..
854 3929 886 3995 in
909 3930 991 3996 saxb
1014 3929 1193 4008 schistosia,
1216 3932 1247 3995 et
1269 3929 1308 3996 ad
1330 3929 1393 3996 Pia
1413 3927 1495 3994 Alea
1511 3941 1547 4006 pr·

290 4031 426 4116 Rauola,
448 4029 504 4098 alt.
524 4031 666 4112 1430111,
689 4053 781 4116 supra
804 4052 894 4116 rupes
911 4033 1031 4120 Flyacb
1052 4033 1161 4110 dictam
1183 4032 1266 4100 haud
1287 4033 1378 4118 longe
1391 4051 1411 4098 a
1426 4032 1548 4096 aaran

292 4133 451 4198 Gletecber
473 4135 564 4202 vellis
588 4137 728 4204 2000000
750 4138 935 4225 (manera).

376 4245 459 4306 Folia
481 4249 625 4309 remulina
647 4249 973 4322 sabloneta-secunde,
1003 4249 1126 4310 caulinis
1148 4251 1178 4310 et
1200 4249 1307 4310 remeia
1329 4247 1454 4316 minora,
1476 4243 1547 4316 ellip-

290 4332 536 4406 tiae-lanceolata,
559 4336 673 4409 viridia,
695 4337 777 4397 striis
799 4337 976 4398 basilaribns
998 4337 1096 4397 nullis.
1127 4335 1319 4414 Parapbyllia
1333 4335 1446 4396 oeulina
1460 4347 1546 4408 aaut&

289 4417 454 4479 lanceolata
478 4422 524 4482 vel
547 4424 764 4484 subaircularia.

378 4507 482 4569 Differt
504 4511 542 4569 ab
558 4511 596 4570 H.
612 4511 764 4590 faetiqiato
787 4511 908 4571 ramulis
930 4510 1121 4582 tenuioribus,
1143 4509 1221 4572 loliis
1243 4509 1402 4572 minoribus
1424 4499 1543 4566 breviori·

289 4593 362 4664 bus,
384 4595 479 4657 minus
502 4596 636 4670 falcatis,
665 4597 775 4659 formae
797 4599 1019 4674 gracilescentie
1041 4599 1142 4658 viridis
1172 4597 1402 4668 subimbriaatis,
1433 4591 1543 4654 101010·

290 4679 388 4740 centia
410 4682 513 4744 dioica.
