3054 5238
484 377 721 438 Butaumiaeeee.
1174 376 1238 447 5⁴9

13 557 52 622 uta
70 555 244 634 attenuatus,
266 554 349 620 latus
372 573 388 620 e
410 553 592 635 latissimus,
615 553 741 633 solidus,
764 553 860 634 rufus,
883 553 1106 622 coronilormie.
1150 555 1238 621 Peri·

13 661 80 724 lonii
99 657 207 725 externi
227 659 334 724 dentes
356 656 532 738 unieeriati‚
554 660 678 738 tennes,
701 657 819 741 pallidi,
841 657 1053 743 irregulariter
1074 657 1238 744 conjuncti,

14 763 135 840 nnolnm,
165 762 212 828 cui
243 761 425 842 adhaerent,
457 761 526 844 plns
558 763 659 828 minus
682 763 871 845 superantes.
916 761 1077 830 Habitetis
1099 763 1133 830 in
1156 764 1239 830 terra

13 866 132 950 plratica

67 969 169 1036 Amuli
189 970 318 1036 cellulae
338 967 554 1049 multiformes,
576 969 837 1054 paohpdermicae
859 971 926 1038 basi
948 973 1048 1040 strata
1062 971 1164 1056 pluria
1177 972 1240 1039 lor·

13 1075 111 1152 tantm,
131 1073 228 1140 medio
251 1073 332 1156 plica
352 1075 478 1140 notatae
498 1074 628 1158 mantula
648 1074 855 1154 continentia,
878 1077 914 1142 nt
935 1075 967 1140 in
989 1077 1096 1142 annuli
1118 1076 1239 1144 cellulis

13 1175 101 1242 tiorum
121 1175 304 1256 llueeomm‚
327 1169 553 1260 aqna'assuota
574 1178 786 1263 turgescentes
808 1178 899 1246 facile
920 1180 1140 1247 dissolvuntur.

371 1376 398 1433 1.
435 1375 655 1434 Buxbaumia
677 1377 829 1446 aphylla

479 1497 602 1556 Hanurra
624 1497 728 1557 dnum.

66 1625 190 1691 dnnolus
205 1625 388 1704 latissimus,
408 1628 491 1694 ultra
505 1627 638 1694 medium
654 1627 863 1712 peristomium
880 1627 1034 1694 internum
1048 1629 1239 1712 productum.

13 1729 185 1796 ’eristominm
214 1731 372 1796 extumum
396 1730 516 1797 laciniis
543 1731 668 1814 pallidis
690 1730 911 1816 irregularibus
944 1731 1092 1800 annulum
1116 1732 1241 1815 paulum

13 1849 123 1912 operans.
165 1831 309 1899 Cuticnla
330 1834 473 1916 capsulae
496 1835 552 1902 snb
574 1835 724 1902 orificium
747 1835 848 1901 solnta
871 1837 943 1918 post
964 1835 1098 1918 operculi
1117 1836 1240 1919 lapsum

13 1935 115 2002 rdniata
134 1937 274 2004 revoluta
306 1938 450 2020 (annulus
472 1940 554 2006 auct.
565 1941 597 2024 l).
642 1938 746 2023 Bryol.
770 1958 833 2005 eur.
857 1937 926 2004 Vol.
948 1938 1002 2019 fv,
1024 1938 1099 2006 Tab.
1122 1938 1185 2004 427
1207 1939 1241 2005 et

13 2039 50 2104 ol
65 2041 110 2120 Vl,
130 2043 201 2110 Tab.
219 2043 295 2109 641.

13 2161 101 2226 laena
119 2164 309 2246 capillaceue,
331 2163 487 2248 aphlens,
509 2165 643 2248 capitulo
665 2184 767 2232 crasso
790 2165 916 2233 biralri.
961 2165 1064 2231 Boas.
1090 2163 1178 2232 Cant.
1195 2166 1237 2244 11,

81 2287 106 2350 p.
129 2268 175 2348 l8,
199 2270 222 2336 t.
238 2267 271 2332 4.
302 2269 431 2334 mmm.
455 2269 540 2336 Hist.
563 2269 660 2336 dinen.
683 2289 712 2353 p.
736 2269 810 2349 477,
833 2269 857 2336 t.
879 2267 933 2348 58,
955 2268 977 2335 i.
1000 2267 1031 2334 5.

13 2367 164 2436 intonato
187 2371 321 2458 cpdyllo
343 2372 474 2436 Hancne
495 2371 579 2438 Hist.
603 2371 697 2456 Stirp.
719 2372 811 2438 Helr.
842 2371 1082 2438 Lmn.‘Diesert.
1098 2371 1135 2437 de
1151 2371 1240 2436 Βιιω-

80 2473 208 2544 marcio.
241 2476 276 2542 in
302 2477 431 2544 Amoen.
461 2476 544 2543 aocd.
573 2477 606 2542 et
637 2476 669 2542 in
697 2475 783 2559 Spec.
806 2477 855 2543 Pl.
901 2477 1011 2543 Hmw.
1035 2475 1120 2559 Spec.
1144 2476 1240 2544 Musa

82 2577 172 2650 snas
202 2580 296 2664 Engl.
328 2580 397 2645 Bet.
442 2581 532 2646 Bam.
557 2581 662 2665 Bryol.
685 2580 769 2646 univ.
814 2581 872 2646 Bn.
896 2581 929 2648 et
951 2579 1023 2646 Son.
1046 2580 1152 2665 Bryol.
1175 2599 1239 2647 eur.

81 2681 123 2746 lle
142 2682 264 2749 Ncrnn.
285 2683 362 2767 Syll.
386 2684 418 2749 et
441 2683 522 2766 llpil.
568 2683 601 2749 (l.
628 2683 762 2749 Monam
792 2682 922 2768 Synops.
968 2683 1093 2750 Hnarn.
1126 2683 1239 2750 Skand.

80 2783 120 2849 ll.
163 2784 296 2852 Wnsou
317 2786 423 2872 Bryol.
448 2785 527 2852 Brit.

14 2883 165 2952 lortncmr'a
195 2890 374 2956 caulmceae
402 2889 560 2956 smnnn.
589 2890 756 2957 Dissertat.
786 2891 823 2958 de
853 2891 1074 2970 Brmtoomia,
1112 2889 1238 2976 ltrlang.

82 2991 166 3072 1758,
188 3013 262 3060 cnm
284 2993 419 3060 iconibus
441 2994 585 3078 optimis!

14 3093 194 3178 trroptoram
216 3097 382 3184 aptyllum
403 3098 479 3164 Pru.
502 3099 622 3164 Bssuu.
646 3098 753 3165 Prodr.
776 3099 927 3184 Aethtog.

64 3214 158 3282 Hotit
181 3217 214 3284 in
237 3221 322 3284 terra
343 3219 512 3306 sylvatica,
545 3219 578 3285 in
609 3220 746 3300 orientis,
780 3220 819 3287 ad
846 3221 946 3287 latera
967 3217 1097 3286 decliuia
1118 3216 1238 3284 riarum

14 3333 107 3385 uarum
127 3339 143 3388 e
163 3323 289 3410 regione
310 3324 475 3408 campestri
499 3343 595 3408 usque
616 3324 648 3389 in
670 3324 805 3408 alpinam
828 3342 882 3407 per
903 3342 1010 3390 conam
1025 3320 1238 3388 intermediam

14 3417 66 3500 tque
90 3426 370 3507 septentrionalem:
399 3427 432 3493 in
463 3427 540 3494 vado
572 3426 603 3492 ll.
634 3427 744 3514 Wolpa
766 3446 859 3512 prope
882 3425 1066 3494 detractae
1088 3425 1126 3492 cl.
1150 3425 1239 3491 Bux-
1337 3457 1338 3460 ¹

14 3537 61 3586 rm
79 3525 196 3607 deterit,
219 3530 340 3613 copiose
362 3531 395 3597 in
416 3530 537 3616 Vogceo
559 3533 651 3615 atque
674 3531 888 3617 Sylva-nigra,
911 3550 966 3598 nec
989 3549 1049 3597 non
1072 3529 1103 3596 in
1125 3529 1238 3613 pinetis

15 3621 65 3690 rllis
83 3630 229 3700 rhenanae
252 3634 474 3714 observastis
498 3635 672 3720 Norregiae
694 3654 814 3702 summo
837 3633 1025 3719 Dovresjeld
1047 3633 1138 3700 sociis
1154 3634 1237 3700 Dia»

15 3732 80 3793 oeta
99 3733 266 3822 lapponica
287 3738 320 3804 et
344 3739 524 3804 marono
547 3739 665 3804 tmecli
687 3738 803 3812 masniz
827 3756 881 3820 per
903 3737 1039 3804 Sueciam
1063 3737 1145 3805 haud
1168 3758 1238 3806 raro

15 3834 121 3912 rorenit,
150 3839 181 3905 in
203 3839 367 3905 Britannia
396 3841 505 3907 multis
528 3841 603 3907 locis
626 3841 789 3909 observata
812 3842 870 3908 est.
914 3840 960 3906 dr
983 3840 1146 3908 American
1169 3861 1237 3926 sep·

15 3939 158 4007 cronon
179 3941 338 4025 provincia
359 3944 623 4010 Moeccctaenctte
645 3943 734 4011 amic.
758 3944 967 4021 Lrsoursrux
983 3963 1145 4013 numerosa
1166 3965 1235 4030 spe·

17 4035 82 4106 nina
101 4043 194 4110 misit.

61 4143 159 4212 rrae.
179 4157 297 4214 maror.
319 4149 422 4218 Junio.
465 4151 599 4219 Plantae
621 4151 772 4218 floriferae
794 4151 919 4220 meante
940 4153 1104 4219 anetumno
1122 4150 1237 4235 reperi·

15 4246 65 4308 rtur

15 4441 16 4448 ἵ
60 4359 131 4428 Quod
153 4364 290 4442 Bryologi
313 4382 413 4426 omnes
435 4385 487 4443 pro
510 4367 680 4443 peristomio
701 4368 829 4428 habuere
852 4369 882 4428 et
905 4385 958 4428 nos
980 4367 1037 4443 ipsi
1059 4365 1088 4426 in
1112 4365 1235 4443 Brpolo·

15 4459 177 4524 cecropem
199 4452 258 4512 tale
281 4452 497 4528 descripsimus,
518 4455 560 4514 nil
584 4454 662 4514 aliud
687 4457 732 4514 est
754 4472 840 4530 qnam
863 4455 988 4514 annulus
1011 4453 1096 4512 valde
1119 4467 1235 4525 compo-

16 4533 50 4586 loa
69 4533 237 4598 abnormiter
259 4539 451 4615 effiguratos,
481 4541 564 4616 quus
593 4541 687 4616 prima
710 4542 874 4602 rudimenta
894 4542 924 4600 in
949 4539 1105 4618 Diplryecr'o
1127 4537 1235 4611 reperi·

16 4615 186 4698 l¹¹¹f2111agie
208 4626 325 4686 evoluta
346 4627 376 4686 in
399 4627 436 4686 B.
459 4629 619 4688 indeceicto.
664 4629 866 4688 Membrannla
888 4629 939 4687 illa
962 4626 1111 4686 annularis
1132 4624 1235 4684 lobata

16 4699 34 4758 *b
52 4709 174 4780 capsulae
195 4711 304 4774 orificio
326 4715 469 4787 revoluta,
490 4716 529 4776 ab
551 4714 715 4791 Heduigio,
737 4716 864 4776 Bridelio
887 4716 917 4776 et
940 4714 977 4774 at
999 4729 1052 4788 pro
1067 4710 1234 4788 peristomio
