3054 5238
510 359 736 433 Polyarchum.
1203 355 1266 432 osb

0 535 205 618 clyti-ictum
243 537 504 622 compotentialem
550 538 713 605 Honnscu.
750 539 824 605 Her.
863 539 949 623 phys.
988 537 1122 606 Berolin.
1161 558 1190 622 p.
1214 538 1267 618 67,

83 641 109 706 t.
139 637 184 704 13
208 643 280 726 (sl).
325 641 418 707 Βιιιιι.
442 642 548 725 Bryol.
570 641 654 708 univ.
679 643 721 722 H,
744 662 773 727 p.
800 641 871 709 133.

2 762 46 806 ar.
70 769 85 810 ε
110 746 266 830 simplex,
291 745 466 824 minimum,
489 747 576 813 caule
598 745 708 811 humili
724 746 917 814 semiunciali
933 746 1077 830 simplici,
1100 746 1183 813 iuliis
1199 749 1267 814 bre-

84 848 181 915 vibus
206 848 390 927 imbricatis,
413 849 554 918 siccitate
570 849 719 916 teretibus
735 851 846 916 leuiter
859 849 993 916 incuruis
1010 849 1119 929 badiis,
1141 850 1268 934 capsula

84 951 119 1016 in
143 952 300 1033 pedicello
322 953 407 1018 brevi
429 954 461 1019 et
483 952 665 1020 brevissimo
688 955 782 1020 ovata
804 956 836 1020 et
858 953 1053 1038 subglobosa.

60 1055 182 1120 Hodie.
217 1054 294 1120 locis
326 1057 461 1138 petrosis
484 1055 624 1140 abruptis
646 1057 831 1141 graminosis
852 1076 906 1142 per
928 1057 1068 1143 regiones
1091 1055 1267 1140 subalpinae

8 1180 63 1242 que
86 1159 221 1242 alpinas
244 1159 341 1226 totius
365 1159 517 1245 Europae,
538 1162 701 1229 Amerieae
723 1166 756 1229 et
777 1161 871 1230 Asiae
893 1161 1162 1246 septentrionalis3
1187 1180 1266 1228 verr.

24 1263 166 1348 alpibns
194 1263 376 1330 editissimis
400 1265 449 1331 vel
471 1266 504 1330 in
527 1285 600 1332 zona
623 1265 746 1332 arctiee.

65 1369 187 1434 Fruet.
210 1377 329 1434 muter.
353 1371 484 1436 aestate.

59 1499 101 1556 Ut
126 1515 236 1558 omnes
259 1499 352 1558 musci
366 1499 450 1558 sedes
467 1499 565 1560 varias
580 1500 753 1561 habitantes
769 1517 855 1576 quam
871 1499 995 1560 maxims
1011 1497 1167 1558 variabile:
1190 1514 1268 1558 nunc

1 1579 139 1660 ugicaule
176 1586 507 1660 flexuoso-prostratum
537 1587 701 1647 dichotome
734 1588 779 1646 vel
806 1587 1157 1658 fasciculam-ramosum,
1189 1583 1267 1644 foliis

1 1673 67 1746 ogis
90 1671 213 1748 patulis
236 1672 367 1732 recurvis
390 1674 580 1734 subsecundis
611 1673 728 1749 opacis,
759 1691 836 1734 nunc
859 1673 1025 1735 brevicaule
1048 1675 1175 1732 erectum
1197 1672 1267 1730 sub·

14 1760 93 1833 plex
128 1760 181 1820 vel
215 1759 345 1820 breviter
377 1759 724 1832 fasciculam-ramosum,
757 1761 835 1822 loliis
866 1761 1049 1821 breuioribus
1078 1757 1268 1836 rigidioribus

0 1847 90 1907 usius
114 1847 265 1908 contenis
280 1847 451 1919 subnitidis,
473 1865 550 1907 nunc
573 1849 694 1922 capsula
717 1848 956 1924 ovam-oblonga,
979 1863 1056 1906 nnnc
1079 1846 1267 1920 subglobosa,

1 1953 47 1992 no
70 1935 408 2011 arcuato-cylindracea
430 1937 563 2010 gaudens
586 1935 738 2010 reperitur.
783 1935 889 1996 Omnes
916 1937 971 1995 has
995 1935 1155 1994 annotatas
1177 1934 1267 2006 atque

1 2039 79 2080 »rusae
102 2022 436 2098 transmutationesque
463 2040 562 2082 earum
594 2022 623 2080 iu
656 2023 728 2082 locis
748 2022 903 2084 natalibus
925 2024 1081 2084 obseruare
1103 2019 1175 2080 mihi
1198 2036 1266 2080 oon·

0 2111 42 2177 ,ft
65 2113 96 2169 et
120 2127 304 2186 persuasum
326 2111 423 2171 babeo
446 2127 546 2170 omnes
569 2111 606 2170 ad
629 2127 717 2169 unam
741 2111 918 2185 eandemque
941 2108 1067 2186 speciem
1089 2108 1245 2184 pertinere.

412 2328 492 2406 tien.
515 2331 546 2406 b.
595 2328 836 2428 Polptriobum.

435 2490 556 2551 Dmnun.
601 2491 684 2550 Lars.
707 2491 819 2552 emend.

59 2621 167 2690 Musei
191 2622 325 2707 speciosi
348 2623 381 2688 et
403 2623 632 2706 speciosissimi,
650 2623 825 2690 turionibus
848 2641 864 2688 e
887 2621 984 2690 caulis
1005 2621 1073 2687 basi
1096 2621 1266 2688 erectisvel

0 2727 216 2795 ··ndent1bns
239 2727 436 2796 innovantes.
482 2727 587 2795 Catulis
611 2731 749 2808 erectus,
783 2727 929 2814 simplex,
952 2727 1092 2814 ligneus,
1114 2725 1267 2814 trigonus,

0 2835 115 2900 *mento
140 2831 325 2898 radiculoso
347 2850 364 2896 e
387 2830 532 2897 loliorum
553 2833 644 2898 dorso
666 2834 812 2899 nascente
834 2833 945 2911 tectus,
968 2831 1121 2896 masculus
1144 2849 1160 2895 e
1182 2828 1268 2894 dori-

5 2963 10 2990 =
54 2936 236 3002 metimus.
281 2934 371 3000 Folia
392 2935 456 3000 illis
479 2955 510 3020 g.
535 2933 692 3020 Popocuti
713 2933 846 3014 similia,
874 2932 1017 3002 inferiora
1039 2929 1268 3015 squamiformia

5 3040 120 3106 >dora
144 3037 197 3104 vel
221 3035 382 3117 rubentia,
406 3037 562 3121 superiora
583 3057 601 3104 e
622 3037 689 3104 basi
711 3037 797 3104 tenui
819 3039 903 3105 arcte
925 3037 1090 3123 vaginente
1113 3033 1267 3118 elongate,

1 3173 8 3202 ι
29 3147 61 3209 la
83 3144 254 3210 latissima
276 3142 449 3208 lumellosa.
496 3141 646 3226 Galyptra
667 3145 805 3208 tumente
827 3143 918 3227 louge
939 3141 1090 3208 defluente
1105 3138 1266 3203 instructa.

7 3250 111 3332 paula
135 3248 169 3314 in
193 3247 346 3332 pedicallo
367 3246 461 3332 longo
485 3246 583 3312 solido
605 3247 784 3332 plerumque
805 3265 917 3312 cernua
940 3245 1035 3323 deca,
1057 3239 1268 3319 beriaoutelis,

0 3355 22 3413 ι·
49 3386 65 3415 ι.
80 3355 164 3422 tica
179 3353 231 3433 4,
247 3354 349 3419 rarius
365 3351 496 3438 6·goua,
510 3352 660 3438 apophysi
674 3351 827 3418 discoideu
841 3351 890 3418 vel
906 3350 1090 3436 subglobosa
1105 3347 1268 3424 instructa,

13 3461 77 3525 <tio
100 3459 189 3525 iuter
213 3457 374 3542 capsulam
396 3459 429 3524 et
444 3455 614 3542 apophysiu
631 3455 818 3522 stomatibus
833 3455 1002 3520 numerosis
1019 3453 1153 3536 pertusa,
1175 3449 1268 3515 discis

1 3565 115 3630 'emata
138 3561 362 3647 obtcgeutibus
379 3561 479 3628 solum
494 3561 526 3626 in
542 3559 642 3625 medio
657 3558 737 3625 rima
751 3545 903 3644 angusta·
915 3558 951 3622 ut
972 3557 1004 3621 in
1026 3554 1178 3633 anariie,
1200 3571 1271 3638 por-

1 3670 66 3746 'e,
92 3665 270 3752 sporangio
286 3665 371 3730 intus
386 3666 419 3731 et
441 3666 529 3731 extus
552 3663 718 3731 filameutis
733 3681 889 3748 suspenso.
920 3661 1055 3728 cellolae
1076 3659 1271 3727 membranae

0 3771 149 3854 psularie
182 3787 295 3836 versus
327 3766 480 3834 orificium
503 3768 678 3833 transverse
701 3764 1087 3852 hexagono-rectangulae,
1115 3765 1271 3831 caeterum

2 3893 167 3960 sagonae,
193 3872 355 3958 parvulae,
378 3871 558 3938 membrana
574 3889 664 3954 saepe
684 3868 817 3936 maxime
839 3869 1019 3947 incrassata,
1042 3865 1089 3934 ita
1109 3869 1146 3934 ut
1167 3868 1271 3935 lumen

8 3977 132 4044 'nutum
156 3977 334 4044 temneat.
380 3974 565 4057 Operculum
587 3991 745 4058 magnum,
776 3992 793 4038 e
814 3971 883 4038 basi
904 3971 1145 4054 plano-connexa
1166 3970 1271 4051 apicu-

8 4085 76 4148 tum
99 4081 154 4148 rel
177 4079 486 4157 conice-cunremm,
508 4077 697 4144 rectiroetre.
735 4076 915 4142 Peristomii
928 4075 1034 4141 dentes
1049 4095 1105 4157 pro
1119 4091 1203 4140 more
1219 4072 1272 4139 dd.

7 4205 92 4254 orae
115 4185 272 4252 minimae
297 4183 490 4269 ferrugineas
511 4182 561 4248 vix
591 4182 663 4262 'lieo
680 4199 753 4248 mm.
777 4178 948 4246 metientes.

0 4289 205 4376 otytricbum
228 4305 321 4354 seusu
343 4286 482 4354 Bridclii.

63 4395 193 4461 Nomen
223 4410 353 4477 grauem
385 4387 641 4474 compositionis,
670 4385 749 4470 apud
771 4383 937 4469 Apuleium
958 4383 1091 4466 primum
1114 4399 1274 4450 coconem

33 4497 262 4584 Polyericbum
284 4515 446 4562 emmane
468 4493 651 4576 designans,
672 4511 692 4557 a
713 4494 813 4570 πολυς
835 4487 951 4558 mutus
973 4487 1006 4557 et
1026 4489 1109 4578 θριε
1131 4483 1275 4572 capillus,

7 4631 12 4656 ι
37 4603 223 4687 calyptram
245 4598 337 4665 raldo
358 4597 491 4682 pilosam
512 4595 703 4680 impositum.
