3290 5214
677 1450 945 1567 Praefatio

588 1666 632 1734 ad
656 1666 851 1736 editionem
873 1667 1039 1752 primam.

256 1994 436 2079 Bryolopiu
459 2017 627 2082 europaeo,
649 1998 718 2064 Duo
738 1998 876 2082 jurante,
899 1998 937 2065 ad
958 1999 1069 2065 bonam
1092 1997 1184 2064 finem
1199 1995 1354 2082 perducta
1377 2013 1445 2078 per·

167 2099 262 2163 multi
278 2099 374 2166 amici
388 2118 440 2164 me
456 2100 607 2180 adierunt,
623 2103 659 2167 ut
675 2103 833 2188 Syoopsin
850 2103 1034 2168 Memorem
1049 2121 1275 2186 europaeorum
1292 2099 1447 2165 elaborare

170 2203 372 2286 susciperem.
419 2204 522 2286 Quum
543 2205 575 2270 iu
597 2226 687 2292 opere
710 2207 766 2273 illo
789 2207 927 2293 singulas
950 2207 1066 2293 speeies
1089 2225 1158 2272 oum
1181 2203 1289 2270 amicis
1311 2201 1445 2270 collabo-

171 2306 317 2372 rantibus
347 2308 578 2376 acenratissime
605 2310 773 2377 describere
804 2313 837 2378 et
864 2313 1026 2396 permultis
1048 2311 1186 2377 iconibus
1209 2308 1361 2394 adjunctis
1384 2306 1447 2372 sin-

170 2411 265 2496 gulas
288 2411 467 2495 plantarum
488 2415 591 2498 partes
622 2416 870 2500 augmentatione
897 2415 1115 2499 microscopioa
1138 2413 1226 2498 quasi
1248 2415 1319 2478 aute
1342 2411 1446 2478 ornos

174 2533 329 2598 exponere
353 2514 549 2596 studuissem,
571 2518 708 2584 laborem
729 2519 828 2600 iilum,
852 2520 905 2604 qui
927 2540 946 2584 a
967 2539 1016 2585 me
1038 2518 1214 2605 rogabatur,
1236 2516 1359 2583 facilem
1381 2533 1446 2580 esse

177 2618 335 2702 putabam.
381 2619 469 2700 Quod
492 2621 595 2687 tamen
617 2621 708 2706 plane
729 2623 821 2689 aliter
842 2643 910 2690 sese
932 2623 1044 2689 habere
1059 2642 1130 2689 mox
1146 2622 1223 2699 vidi;
1246 2640 1318 2686 uem
1332 2620 1364 2685 in
1379 2621 1445 2685 stu-

178 2719 235 2786 diis
257 2741 383 2806 semper
402 2724 616 2808 prooedentem
638 2725 743 2812 fugere
764 2747 825 2794 nou
847 2730 979 2812 poterat,
1003 2727 1102 2792 multa
1120 2727 1152 2791 in
1167 2744 1257 2811 opere
1272 2744 1364 2810 supra
1379 2723 1446 2788 lau-

177 2825 251 2894 dato
274 2845 344 2892 esse
367 2828 553 2913 imperfecta,
576 2831 711 2897 numeris
734 2832 798 2898 auis
821 2833 956 2899 nondum
978 2831 1134 2906 absoluta;
1168 2830 1255 2898 novis
1277 2828 1444 2912 iuvestiga-

173 2931 316 2997 tionibus
338 2932 453 3016 pn'ores
469 2953 585 3000 errores
597 2935 757 3015 removeri,
779 2937 855 3002 hene
870 2936 1031 3002 observata
1047 2934 1230 3014 confirmari,
1253 2933 1353 2998 muta
1367 2951 1447 2997 nova

172 3034 282 3121 detegi
306 3054 396 3119 posse
417 3036 495 3101 mihi
515 3038 742 3122 persuadem
781 3038 933 3106 Scieutine
954 3038 1051 3124 igitur
1073 3057 1177 3105 amore
1198 3038 1308 3104 duetus
1330 3037 1447 3122 pleras-

173 3159 235 3224 que
258 3139 378 3224 speciee
407 3145 547 3208 munrate
578 3142 793 3209 examinandas
824 3144 938 3210 iterum
960 3143 1133 3227 iterumque
1154 3141 1333 3209 dissectioni
1355 3141 1447 3223 atque

172 3244 538 3330 microseopiosubjeci,
561 3247 642 3314 uude
663 3247 701 3314 tit
721 3250 759 3312 ut
780 3247 831 3314 hio
852 3248 994 3326 libellus,
1017 3267 1107 3331 quem
1126 3248 1192 3332 jam
1214 3246 1314 3312 tribus
1337 3243 1447 3310 abhinc

173 3349 262 3414 anuis
287 3347 440 3430 inchoavi,
463 3370 542 3417 nuuc
562 3351 685 3417 demum
707 3351 739 3416 in
760 3352 861 3418 lucem
883 3353 1004 3437 prodire
1026 3352 1059 3417 et
1072 3350 1243 3437 bryophilis
1259 3349 1361 3417 offerri
1376 3367 1448 3433 pos·

181 3451 231 3515 sit
273 3451 336 3518 Sed
361 3452 454 3518 eheu!
485 3473 671 3539 quamquam
704 3455 744 3521 ad
777 3455 879 3521 studia
901 3456 1036 3523 hrenum
1058 3454 1230 3539 adjuvanda
1251 3472 1311 3520 non
1332 3451 1447 3518 medio-

186 3573 262 3620 mun
282 3576 409 3642 operam
431 3578 594 3645 curamque
615 3561 648 3626 in
669 3562 730 3629 hoc
752 3561 931 3647 compendio
954 3561 1169 3629 conscribendo
1192 3559 1375 3645 consumpsi,
1399 3559 1446 3624 ta-

188 3675 262 3738 meu,
281 3679 315 3727 eo
338 3661 465 3728 taudem
486 3663 575 3730 finito
598 3666 630 3731 et
651 3665 682 3730 iu
705 3666 805 3732 lucem
826 3667 1005 3750 prodeunte,
1028 3685 1108 3732 nunc
1130 3665 1223 3732 etiam
1245 3684 1305 3731 uon
1327 3664 1445 3750 ignoro,

183 3781 271 3846 quam
292 3765 394 3831 multa
416 3765 514 3833 adhuc
537 3788 644 3835 manca
667 3771 698 3835 et
721 3770 900 3854 imperfecta
923 3769 986 3836 sint
1009 3771 1051 3849 et,
1074 3769 1201 3836 scientia
1223 3767 1445 3854 progrediente,

175 3870 352 3936 accuratius
375 3869 462 3936 reddi
482 3872 610 3955 possint.
641 3873 754 3939 Omnes
776 3874 873 3960 igitru
892 3876 997 3941 oratos
1012 3874 1115 3952 velim,
1138 3875 1174 3938 ut
1188 3872 1302 3938 librum
1316 3871 1446 3956 benigne
1562 3900 1566 3908 ·

171 3973 329 4059 accipiant
358 3974 408 4053 et,
440 3974 564 4060 siquae
586 3977 663 4043 vitia
684 3978 880 4056 inhaereant,
916 3997 970 4057 ea,
1004 3997 1065 4046 nou
1086 3978 1278 4044 immemores
1300 3975 1333 4040 in
1356 3975 1445 4041 rebus

171 4077 318 4144 inmanis
342 4077 388 4143 nil
412 4097 478 4145 esse
499 4079 676 4163 perfectum,
699 4083 796 4148 amice
819 4085 973 4149 exacuent.

260 4181 355 4266 Quod
376 4181 415 4248 nd
438 4183 617 4250 methodum
639 4189 789 4272 pertinet,
819 4191 956 4274 systema
984 4187 1079 4267 illud,
1107 4187 1186 4273 quod
1216 4187 1248 4252 in
1271 4185 1445 4252 Oorollom

178 4287 311 4373 exposui,
335 4286 471 4352 maxima
493 4306 529 4352 ex
552 4291 639 4372 parte
660 4294 784 4359 secutus
807 4312 884 4358 sum.
915 4293 1074 4359 Nonnulla
1096 4293 1200 4358 tamen
1222 4291 1266 4359 ihi
1288 4291 1446 4377 proposita

172 4413 290 4476 perere
313 4389 356 4456 ad
377 4391 550 4477 adparere
571 4393 684 4474 reduxi,
707 4397 785 4463 alies
808 4395 965 4464 naturales
988 4397 1148 4476 sectiones,
1172 4397 1234 4462 imo
1251 4395 1366 4481 species
1381 4395 1444 4462 sin-

171 4497 263 4582 gulas
288 4495 329 4561 ad
350 4497 475 4580 peruris
497 4495 626 4582 gradum
648 4500 763 4579 extriti,
785 4501 937 4583 tribubus,
960 4501 1124 4568 secundum
1147 4501 1283 4569 ordinem
1306 4501 1445 4579 naturae,

168 4599 321 4682 samaias
346 4599 479 4685 subjeci,
503 4619 580 4684 quae
601 4602 639 4668 ab
659 4603 714 4681 iis,
737 4605 789 4688 qui
811 4605 983 4690 frequentia
1003 4625 1151 4690 penarum
1173 4604 1297 4671 nomina
1319 4605 1446 4688 perhor-

171 4707 316 4788 roecnnt,
342 4705 380 4770 ut
400 4725 516 4790 omero
538 4705 722 4774 considerari
743 4711 881 4794 possunt.
927 4708 986 4776 Sed
1008 4727 1096 4794 spero
1119 4709 1184 4775 iore
1204 4709 1242 4774 ut
1264 4707 1358 4786 olim,
1380 4726 1446 4776 om·
