<?xml version="1.0" encoding="UTF-8"?>
<!DOCTYPE html PUBLIC "-//W3C//DTD XHTML 1.0 Transitional//EN"
    "http://www.w3.org/TR/xhtml1/DTD/xhtml1-transitional.dtd">
<html xmlns="http://www.w3.org/1999/xhtml" xml:lang="en" lang="en">
 <head>
  <title>
</title>
<meta http-equiv="Content-Type" content="text/html;charset=utf-8" />
  <meta name='ocr-system' content='tesseract 3.04.00' />
  <meta name='ocr-capabilities' content='ocr_page ocr_carea ocr_par ocr_line ocrx_word'/>
</head>
<body>
  <div class='ocr_page' id='page_1' title='image "./synopsismuscoru00schigoog_0879.png"; bbox 0 0 3128 5254; ppageno 0'>
   <div class='ocr_carea' id='block_1_1' title="bbox 559 349 1279 422">
    <p class='ocr_par' dir='ltr' id='par_1_1' title="bbox 559 349 1279 422">
     <span class='ocr_line' id='line_1_1' title="bbox 559 349 1279 422; baseline -0.003 0"><span class='ocrx_word' id='word_1_1' title='bbox 559 349 727 422; x_wconf 71' lang='lat' dir='ltr'><strong>flmmeu-</strong></span> <span class='ocrx_word' id='word_1_2' title='bbox 1218 356 1279 421; x_wconf 73' lang='lat'><strong>717</strong></span> 
     </span>
    </p>
   </div>
   <div class='ocr_carea' id='block_1_2' title="bbox 11 524 1282 709">
    <p class='ocr_par' dir='ltr' id='par_1_2' title="bbox 11 524 1282 709">
     <span class='ocr_line' id='line_1_2' title="bbox 11 524 1282 614; baseline 0.006 -26"><span class='ocrx_word' id='word_1_3' title='bbox 11 525 178 606; x_wconf 81' lang='lat' dir='ltr'><strong>mpsnlaris</strong></span> <span class='ocrx_word' id='word_1_4' title='bbox 201 545 217 592; x_wconf 91' lang='lat' dir='ltr'><strong>e</strong></span> <span class='ocrx_word' id='word_1_5' title='bbox 239 525 359 592; x_wconf 88' lang='lat' dir='ltr'><strong>cellulis</strong></span> <span class='ocrx_word' id='word_1_6' title='bbox 381 525 608 610; x_wconf 89' lang='lat' dir='ltr'><strong>leptodermicis</strong></span> <span class='ocrx_word' id='word_1_7' title='bbox 642 526 739 592; x_wconf 89' lang='lat' dir='ltr'><strong>multo</strong></span> <span class='ocrx_word' id='word_1_8' title='bbox 762 524 930 610; x_wconf 76' lang='lat' dir='ltr'><strong>maioribus</strong></span> <span class='ocrx_word' id='word_1_9' title='bbox 953 527 1131 610; x_wconf 87' lang='lat' dir='ltr'><strong>composite.</strong></span> <span class='ocrx_word' id='word_1_10' title='bbox 1176 529 1282 614; x_wconf 85' lang='lat' dir='ltr'><strong>Bryol.</strong></span> 
     </span>
     <span class='ocr_line' id='line_1_3' title="bbox 11 628 439 709; baseline 0.009 -17"><span class='ocrx_word' id='word_1_11' title='bbox 11 646 64 694; x_wconf 82' lang='lat' dir='ltr'><strong>eur.</strong></span> <span class='ocrx_word' id='word_1_12' title='bbox 90 628 163 694; x_wconf 90' lang='lat' dir='ltr'><strong>Vol.</strong></span> <span class='ocrx_word' id='word_1_13' title='bbox 188 628 242 709; x_wconf 87' lang='lat' dir='ltr'><strong>Vl,</strong></span> <span class='ocrx_word' id='word_1_14' title='bbox 265 630 340 696; x_wconf 85' lang='lat' dir='ltr'><strong>Tab.</strong></span> <span class='ocrx_word' id='word_1_15' title='bbox 364 629 439 696; x_wconf 83' lang='lat'><strong>568.</strong></span> 
     </span>
    </p>
   </div>
   <div class='ocr_carea' id='block_1_3' title="bbox 11 750 1283 1567">
    <p class='ocr_par' dir='ltr' id='par_1_3' title="bbox 11 750 1283 1360">
     <span class='ocr_line' id='line_1_4' title="bbox 89 750 1283 840; baseline 0.005 -24"><span class='ocrx_word' id='word_1_16' title='bbox 89 751 205 817; x_wconf 75' lang='lat' dir='ltr'><strong>Hodie.</strong></span> <span class='ocrx_word' id='word_1_17' title='bbox 234 751 267 816; x_wconf 92' lang='lat' dir='ltr'><strong>in</strong></span> <span class='ocrx_word' id='word_1_18' title='bbox 289 752 357 818; x_wconf 93' lang='lat' dir='ltr'><strong>loco</strong></span> <span class='ocrx_word' id='word_1_19' title='bbox 380 752 531 837; x_wconf 80' lang='lat' dir='ltr'><strong>sylvatico</strong></span> <span class='ocrx_word' id='word_1_20' title='bbox 553 750 678 817; x_wconf 90' lang='lat' dir='ltr'><strong>humido</strong></span> <span class='ocrx_word' id='word_1_21' title='bbox 700 769 793 835; x_wconf 89' lang='lat' dir='ltr'><strong>prope</strong></span> <span class='ocrx_word' id='word_1_22' title='bbox 815 750 1075 819; x_wconf 78' lang='lat' dir='ltr'><strong>Kaisersluctom</strong></span> <span class='ocrx_word' id='word_1_23' title='bbox 1100 753 1212 840; x_wconf 84' lang='lat' dir='ltr'><strong>Vogesi</strong></span> <span class='ocrx_word' id='word_1_24' title='bbox 1233 757 1283 822; x_wconf 92' lang='lat' dir='ltr'><strong>in-</strong></span> 
     </span>
     <span class='ocr_line' id='line_1_5' title="bbox 11 853 1282 939; baseline 0.006 -19"><span class='ocrx_word' id='word_1_25' title='bbox 11 853 124 920; x_wconf 72' lang='lat' dir='ltr'><strong>trioris</strong></span> <span class='ocrx_word' id='word_1_26' title='bbox 148 857 223 923; x_wconf 89' lang='lat' dir='ltr'><strong>clar.</strong></span> <span class='ocrx_word' id='word_1_27' title='bbox 245 857 338 923; x_wconf 84' lang='lat' dir='ltr'><strong>Kucu</strong></span> <span class='ocrx_word' id='word_1_28' title='bbox 361 856 479 923; x_wconf 87' lang='lat' dir='ltr'><strong>deterit</strong></span> <span class='ocrx_word' id='word_1_29' title='bbox 502 859 595 939; x_wconf 86' lang='lat' dir='ltr'><strong>atque</strong></span> <span class='ocrx_word' id='word_1_30' title='bbox 616 875 685 922; x_wconf 92' lang='lat' dir='ltr'><strong>cnm</strong></span> <span class='ocrx_word' id='word_1_31' title='bbox 708 856 781 922; x_wconf 89' lang='lat' dir='ltr'><strong>clar.</strong></span> <span class='ocrx_word' id='word_1_32' title='bbox 798 856 909 921; x_wconf 84' lang='lat' dir='ltr'><strong>Buucn</strong></span> <span class='ocrx_word' id='word_1_33' title='bbox 931 858 1179 939; x_wconf 80' lang='lat' dir='ltr'><strong>communicavit,</strong></span> <span class='ocrx_word' id='word_1_34' title='bbox 1201 862 1282 927; x_wconf 92' lang='lat' dir='ltr'><strong>tem·</strong></span> 
     </span>
     <span class='ocr_line' id='line_1_6' title="bbox 11 959 1283 1043; baseline 0.007 -19"><span class='ocrx_word' id='word_1_35' title='bbox 11 979 71 1024; x_wconf 77' lang='lat' dir='ltr'><strong>&gt;ore</strong></span> <span class='ocrx_word' id='word_1_36' title='bbox 105 960 278 1027; x_wconf 77' lang='lat' dir='ltr'><strong>recentiore</strong></span> <span class='ocrx_word' id='word_1_37' title='bbox 308 964 358 1027; x_wconf 84' lang='lat' dir='ltr'><strong>sat</strong></span> <span class='ocrx_word' id='word_1_38' title='bbox 387 961 506 1043; x_wconf 89' lang='lat' dir='ltr'><strong>copiose</strong></span> <span class='ocrx_word' id='word_1_39' title='bbox 535 962 690 1043; x_wconf 89' lang='lat' dir='ltr'><strong>repertum</strong></span> <span class='ocrx_word' id='word_1_40' title='bbox 722 961 771 1026; x_wconf 85' lang='lat' dir='ltr'><strong>ost</strong></span> <span class='ocrx_word' id='word_1_41' title='bbox 793 959 826 1026; x_wconf 92' lang='lat' dir='ltr'><strong>in</strong></span> <span class='ocrx_word' id='word_1_42' title='bbox 847 963 931 1027; x_wconf 85' lang='lat' dir='ltr'><strong>terra</strong></span> <span class='ocrx_word' id='word_1_43' title='bbox 952 961 1079 1028; x_wconf 87' lang='lat' dir='ltr'><strong>humide</strong></span> <span class='ocrx_word' id='word_1_44' title='bbox 1102 964 1149 1030; x_wconf 89' lang='lat' dir='ltr'><strong>vel</strong></span> <span class='ocrx_word' id='word_1_45' title='bbox 1172 965 1283 1033; x_wconf 92' lang='lat' dir='ltr'><strong>limosa</strong></span> 
     </span>
     <span class='ocr_line' id='line_1_7' title="bbox 11 1064 1280 1148; baseline 0.007 -21"><span class='ocrx_word' id='word_1_46' title='bbox 11 1083 92 1146; x_wconf 86' lang='lat' dir='ltr'><strong>&gt;rope</strong></span> <span class='ocrx_word' id='word_1_47' title='bbox 120 1065 292 1132; x_wconf 77' lang='lat' dir='ltr'><strong>Borwazoe</strong></span> <span class='ocrx_word' id='word_1_48' title='bbox 314 1065 516 1132; x_wconf 87' lang='lat' dir='ltr'><strong>Neomarkiae</strong></span> <span class='ocrx_word' id='word_1_49' title='bbox 546 1065 699 1148; x_wconf 81' lang='lat' dir='ltr'><strong>(Reuss),</strong></span> <span class='ocrx_word' id='word_1_50' title='bbox 731 1082 824 1146; x_wconf 92' lang='lat' dir='ltr'><strong>prope</strong></span> <span class='ocrx_word' id='word_1_51' title='bbox 846 1064 1095 1130; x_wconf 84' lang='lat' dir='ltr'><strong>Maricnwcrder</strong></span> <span class='ocrx_word' id='word_1_52' title='bbox 1117 1068 1280 1136; x_wconf 88' lang='lat' dir='ltr'><strong>Borussiae</strong></span> 
     </span>
     <span class='ocr_line' id='line_1_8' title="bbox 11 1167 1281 1256; baseline 0.007 -23"><span class='ocrx_word' id='word_1_53' title='bbox 11 1169 206 1236; x_wconf 85' lang='lat' dir='ltr'><strong>ccidentalis</strong></span> <span class='ocrx_word' id='word_1_54' title='bbox 223 1171 466 1256; x_wconf 75' lang='lat' dir='ltr'><strong>(Ramnenses),</strong></span> <span class='ocrx_word' id='word_1_55' title='bbox 490 1187 582 1254; x_wconf 88' lang='lat' dir='ltr'><strong>prope</strong></span> <span class='ocrx_word' id='word_1_56' title='bbox 599 1169 735 1234; x_wconf 79' lang='lat' dir='ltr'><strong>Breslcu</strong></span> <span class='ocrx_word' id='word_1_57' title='bbox 750 1167 887 1248; x_wconf 75' lang='lat' dir='ltr'><strong>silesiae,</strong></span> <span class='ocrx_word' id='word_1_58' title='bbox 910 1169 961 1235; x_wconf 92' lang='lat' dir='ltr'><strong>nbi</strong></span> <span class='ocrx_word' id='word_1_59' title='bbox 976 1169 1071 1237; x_wconf 89' lang='lat' dir='ltr'><strong>etiam</strong></span> <span class='ocrx_word' id='word_1_60' title='bbox 1095 1173 1133 1238; x_wconf 90' lang='lat' dir='ltr'><strong>ad</strong></span> <span class='ocrx_word' id='word_1_61' title='bbox 1148 1173 1281 1242; x_wconf 85' lang='lat' dir='ltr'><strong>Salicum</strong></span> 
     </span>
     <span class='ocr_line' id='line_1_9' title="bbox 11 1272 1191 1360; baseline 0.005 -22"><span class='ocrx_word' id='word_1_62' title='bbox 11 1273 109 1338; x_wconf 71' lang='lat' dir='ltr'><strong>»edem</strong></span> <span class='ocrx_word' id='word_1_63' title='bbox 135 1275 278 1356; x_wconf 85' lang='lat' dir='ltr'><strong>provenit</strong></span> <span class='ocrx_word' id='word_1_64' title='bbox 301 1275 445 1360; x_wconf 80' lang='lat' dir='ltr'><strong>(Munus),</strong></span> <span class='ocrx_word' id='word_1_65' title='bbox 468 1273 502 1339; x_wconf 94' lang='lat' dir='ltr'><strong>in</strong></span> <span class='ocrx_word' id='word_1_66' title='bbox 524 1272 721 1356; x_wconf 83' lang='lat' dir='ltr'><strong>westphalia</strong></span> <span class='ocrx_word' id='word_1_67' title='bbox 742 1273 796 1358; x_wconf 84' lang='lat' dir='ltr'><strong>(H.</strong></span> <span class='ocrx_word' id='word_1_68' title='bbox 820 1273 967 1359; x_wconf 72' lang='lat' dir='ltr'><strong>Murrus)</strong></span> <span class='ocrx_word' id='word_1_69' title='bbox 990 1293 1015 1340; x_wconf 90' lang='lat' dir='ltr'><strong>e.</strong></span> <span class='ocrx_word' id='word_1_70' title='bbox 1040 1275 1080 1341; x_wconf 86' lang='lat' dir='ltr'><strong>al.</strong></span> <span class='ocrx_word' id='word_1_71' title='bbox 1104 1277 1191 1344; x_wconf 91' lang='lat' dir='ltr'><strong>locis.</strong></span> 
     </span>
    </p>

    <p class='ocr_par' dir='ltr' id='par_1_4' title="bbox 85 1377 496 1446">
     <span class='ocr_line' id='line_1_10' title="bbox 85 1377 496 1446; baseline 0.01 -5"><span class='ocrx_word' id='word_1_72' title='bbox 85 1377 204 1444; x_wconf 70' lang='lat' dir='ltr'><strong>Fruct.</strong></span> <span class='ocrx_word' id='word_1_73' title='bbox 227 1388 344 1446; x_wconf 79' lang='lat' dir='ltr'><strong>matur.</strong></span> <span class='ocrx_word' id='word_1_74' title='bbox 366 1380 496 1445; x_wconf 82' lang='lat' dir='ltr'><strong>aestate.</strong></span> 
     </span>
    </p>

    <p class='ocr_par' dir='ltr' id='par_1_5' title="bbox 83 1487 874 1567">
     <span class='ocr_line' id='line_1_11' title="bbox 83 1487 874 1567; baseline 0 -19"><span class='ocrx_word' id='word_1_75' title='bbox 83 1490 205 1550; x_wconf 83' lang='lat' dir='ltr'><strong>Formis</strong></span> <span class='ocrx_word' id='word_1_76' title='bbox 226 1490 407 1551; x_wconf 82' lang='lat' dir='ltr'><strong>abbreviatis</strong></span> <span class='ocrx_word' id='word_1_77' title='bbox 429 1490 468 1551; x_wconf 80' lang='lat' dir='ltr'><strong>A.</strong></span> <span class='ocrx_word' id='word_1_78' title='bbox 490 1491 601 1567; x_wconf 68' lang='lat' dir='ltr'><strong>riparii</strong></span> <span class='ocrx_word' id='word_1_79' title='bbox 623 1487 702 1549; x_wconf 92' lang='lat' dir='ltr'><strong>haud</strong></span> <span class='ocrx_word' id='word_1_80' title='bbox 727 1487 874 1550; x_wconf 79' lang='lat' dir='ltr'><strong>dissimile.</strong></span> 
     </span>
    </p>
   </div>
   <div class='ocr_carea' id='block_1_4' title="bbox 371 1680 917 1880">
    <p class='ocr_par' dir='ltr' id='par_1_6' title="bbox 371 1680 917 1880">
     <span class='ocr_line' id='line_1_12' title="bbox 371 1680 917 1752; baseline -0.002 -11"><span class='ocrx_word' id='word_1_81' title='bbox 371 1686 419 1741; x_wconf 73' lang='lat' dir='ltr'><strong>lo.</strong></span> <span class='ocrx_word' id='word_1_82' title='bbox 446 1681 722 1752; x_wconf 70' lang='lat' dir='ltr'><strong>Amblystegium</strong></span> <span class='ocrx_word' id='word_1_83' title='bbox 745 1680 917 1752; x_wconf 81' lang='lat' dir='ltr'><strong>curvipec.</strong></span> 
     </span>
     <span class='ocr_line' id='line_1_13' title="bbox 470 1804 821 1880; baseline -0.006 -16"><span class='ocrx_word' id='word_1_84' title='bbox 470 1805 564 1864; x_wconf 77' lang='lat' dir='ltr'><strong>(ltus.</strong></span> <span class='ocrx_word' id='word_1_85' title='bbox 588 1805 617 1864; x_wconf 91' lang='lat' dir='ltr'><strong>in</strong></span> <span class='ocrx_word' id='word_1_86' title='bbox 641 1804 739 1880; x_wconf 79' lang='lat' dir='ltr'><strong>Bryol.</strong></span> <span class='ocrx_word' id='word_1_87' title='bbox 763 1822 821 1864; x_wconf 91' lang='lat' dir='ltr'><strong>eur.</strong></span> 
     </span>
    </p>
   </div>
   <div class='ocr_carea' id='block_1_5' title="bbox 11 1951 1283 2562">
    <p class='ocr_par' dir='ltr' id='par_1_7' title="bbox 11 1951 1283 2562">
     <span class='ocr_line' id='line_1_14' title="bbox 81 1951 1283 2036; baseline 0.005 -19"><span class='ocrx_word' id='word_1_88' title='bbox 81 1952 198 2030; x_wconf 86' lang='lat' dir='ltr'><strong>Molle,</strong></span> <span class='ocrx_word' id='word_1_89' title='bbox 221 1951 288 2017; x_wconf 85' lang='lat' dir='ltr'><strong>lure</strong></span> <span class='ocrx_word' id='word_1_90' title='bbox 310 1951 526 2035; x_wconf 83' lang='lat' dir='ltr'><strong>caespitosum.</strong></span> <span class='ocrx_word' id='word_1_91' title='bbox 573 1952 678 2019; x_wconf 81' lang='lat' dir='ltr'><strong>Oculis</strong></span> <span class='ocrx_word' id='word_1_92' title='bbox 703 1973 811 2036; x_wconf 89' lang='lat' dir='ltr'><strong>repens</strong></span> <span class='ocrx_word' id='word_1_93' title='bbox 835 1955 950 2020; x_wconf 90' lang='lat' dir='ltr'><strong>remote</strong></span> <span class='ocrx_word' id='word_1_94' title='bbox 972 1953 1111 2032; x_wconf 77' lang='lat' dir='ltr'><strong>foliosus,</strong></span> <span class='ocrx_word' id='word_1_95' title='bbox 1134 1956 1229 2022; x_wconf 89' lang='lat' dir='ltr'><strong>ramis</strong></span> <span class='ocrx_word' id='word_1_96' title='bbox 1252 1965 1283 2023; x_wconf 83' lang='lat' dir='ltr'><strong>et</strong></span> 
     </span>
     <span class='ocr_line' id='line_1_15' title="bbox 11 2057 1282 2141; baseline 0.005 -19"><span class='ocrx_word' id='word_1_97' title='bbox 11 2057 131 2123; x_wconf 86' lang='lat' dir='ltr'><strong>emulis</strong></span> <span class='ocrx_word' id='word_1_98' title='bbox 155 2057 389 2123; x_wconf 84' lang='lat' dir='ltr'><strong>ascendentibus</strong></span> <span class='ocrx_word' id='word_1_99' title='bbox 411 2057 533 2123; x_wconf 84' lang='lat' dir='ltr'><strong>densius</strong></span> <span class='ocrx_word' id='word_1_100' title='bbox 557 2058 685 2124; x_wconf 85' lang='lat' dir='ltr'><strong>foliosis.</strong></span> <span class='ocrx_word' id='word_1_101' title='bbox 716 2059 805 2125; x_wconf 80' lang='lat' dir='ltr'><strong>Folia</strong></span> <span class='ocrx_word' id='word_1_102' title='bbox 827 2059 1083 2137; x_wconf 85' lang='lat' dir='ltr'><strong>subdecurrcntie,</strong></span> <span class='ocrx_word' id='word_1_103' title='bbox 1107 2061 1224 2141; x_wconf 89' lang='lat' dir='ltr'><strong>mollia,</strong></span> <span class='ocrx_word' id='word_1_104' title='bbox 1247 2081 1282 2128; x_wconf 86' lang='lat' dir='ltr'><strong>er</strong></span> 
     </span>
     <span class='ocr_line' id='line_1_16' title="bbox 12 2161 1280 2246; baseline 0.002 -18"><span class='ocrx_word' id='word_1_105' title='bbox 12 2161 276 2228; x_wconf 73' lang='lat' dir='ltr'><strong>scordalo-ovato</strong></span> <span class='ocrx_word' id='word_1_106' title='bbox 298 2163 430 2246; x_wconf 82' lang='lat' dir='ltr'><strong>anguste</strong></span> <span class='ocrx_word' id='word_1_107' title='bbox 452 2162 646 2241; x_wconf 87' lang='lat' dir='ltr'><strong>acuminata,</strong></span> <span class='ocrx_word' id='word_1_108' title='bbox 669 2161 805 2228; x_wconf 86' lang='lat' dir='ltr'><strong>obsolete</strong></span> <span class='ocrx_word' id='word_1_109' title='bbox 828 2165 956 2240; x_wconf 85' lang='lat' dir='ltr'><strong>serrata,</strong></span> <span class='ocrx_word' id='word_1_110' title='bbox 979 2165 1065 2230; x_wconf 87' lang='lat' dir='ltr'><strong>costa</strong></span> <span class='ocrx_word' id='word_1_111' title='bbox 1087 2165 1126 2230; x_wconf 93' lang='lat' dir='ltr'><strong>ad</strong></span> <span class='ocrx_word' id='word_1_112' title='bbox 1149 2165 1280 2231; x_wconf 90' lang='lat' dir='ltr'><strong>medium</strong></span> 
     </span>
     <span class='ocr_line' id='line_1_17' title="bbox 11 2264 1283 2352; baseline 0.004 -22"><span class='ocrx_word' id='word_1_113' title='bbox 11 2268 127 2332; x_wconf 86' lang='lat' dir='ltr'><strong>iniente</strong></span> <span class='ocrx_word' id='word_1_114' title='bbox 142 2266 239 2343; x_wconf 88' lang='lat' dir='ltr'><strong>tenui,</strong></span> <span class='ocrx_word' id='word_1_115' title='bbox 262 2264 321 2330; x_wconf 90' lang='lat' dir='ltr'><strong>reti</strong></span> <span class='ocrx_word' id='word_1_116' title='bbox 336 2265 417 2342; x_wconf 85' lang='lat' dir='ltr'><strong>laxo;</strong></span> <span class='ocrx_word' id='word_1_117' title='bbox 440 2266 671 2349; x_wconf 88' lang='lat' dir='ltr'><strong>pericheetialia</strong></span> <span class='ocrx_word' id='word_1_118' title='bbox 692 2267 757 2334; x_wconf 85' lang='lat' dir='ltr'><strong>late</strong></span> <span class='ocrx_word' id='word_1_119' title='bbox 771 2266 943 2333; x_wconf 82' lang='lat' dir='ltr'><strong>lanceolata</strong></span> <span class='ocrx_word' id='word_1_120' title='bbox 957 2268 988 2332; x_wconf 88' lang='lat' dir='ltr'><strong>et</strong></span> <span class='ocrx_word' id='word_1_121' title='bbox 1003 2267 1160 2352; x_wconf 82' lang='lat' dir='ltr'><strong>elongata,</strong></span> <span class='ocrx_word' id='word_1_122' title='bbox 1181 2270 1283 2335; x_wconf 83' lang='lat' dir='ltr'><strong>teum-</strong></span> 
     </span>
     <span class='ocr_line' id='line_1_18' title="bbox 11 2369 1282 2455; baseline 0.002 -18"><span class='ocrx_word' id='word_1_123' title='bbox 11 2393 40 2438; x_wconf 83' lang='lat' dir='ltr'><strong>er</strong></span> <span class='ocrx_word' id='word_1_124' title='bbox 64 2369 247 2454; x_wconf 85' lang='lat' dir='ltr'><strong>spiculata,</strong></span> <span class='ocrx_word' id='word_1_125' title='bbox 270 2389 398 2453; x_wconf 86' lang='lat' dir='ltr'><strong>superne</strong></span> <span class='ocrx_word' id='word_1_126' title='bbox 420 2372 531 2455; x_wconf 84' lang='lat' dir='ltr'><strong>argute</strong></span> <span class='ocrx_word' id='word_1_127' title='bbox 554 2371 692 2449; x_wconf 87' lang='lat' dir='ltr'><strong>serrata,</strong></span> <span class='ocrx_word' id='word_1_128' title='bbox 714 2373 801 2437; x_wconf 88' lang='lat' dir='ltr'><strong>costa</strong></span> <span class='ocrx_word' id='word_1_129' title='bbox 823 2371 909 2437; x_wconf 89' lang='lat' dir='ltr'><strong>tenui</strong></span> <span class='ocrx_word' id='word_1_130' title='bbox 931 2370 963 2436; x_wconf 97' lang='lat' dir='ltr'><strong>in</strong></span> <span class='ocrx_word' id='word_1_131' title='bbox 984 2371 1102 2454; x_wconf 78' lang='lat' dir='ltr'><strong>apicem</strong></span> <span class='ocrx_word' id='word_1_132' title='bbox 1124 2373 1282 2455; x_wconf 88' lang='lat' dir='ltr'><strong>producta.</strong></span> 
     </span>
     <span class='ocr_line' id='line_1_19' title="bbox 11 2474 1283 2562; baseline 0.002 -22"><span class='ocrx_word' id='word_1_133' title='bbox 11 2475 137 2560; x_wconf 65' lang='lat' dir='ltr'><strong>{apsula</strong></span> <span class='ocrx_word' id='word_1_134' title='bbox 161 2474 303 2559; x_wconf 84' lang='lat' dir='ltr'><strong>oblonga,</strong></span> <span class='ocrx_word' id='word_1_135' title='bbox 327 2474 463 2553; x_wconf 85' lang='lat' dir='ltr'><strong>incurva,</strong></span> <span class='ocrx_word' id='word_1_136' title='bbox 486 2475 567 2540; x_wconf 86' lang='lat' dir='ltr'><strong>sicca</strong></span> <span class='ocrx_word' id='word_1_137' title='bbox 590 2477 725 2541; x_wconf 83' lang='lat' dir='ltr'><strong>arcuata.</strong></span> <span class='ocrx_word' id='word_1_138' title='bbox 770 2475 913 2542; x_wconf 84' lang='lat' dir='ltr'><strong>Anunlus</strong></span> <span class='ocrx_word' id='word_1_139' title='bbox 937 2479 1108 2562; x_wconf 85' lang='lat' dir='ltr'><strong>augustus,</strong></span> <span class='ocrx_word' id='word_1_140' title='bbox 1131 2497 1147 2544; x_wconf 93' lang='lat' dir='ltr'><strong>e</strong></span> <span class='ocrx_word' id='word_1_141' title='bbox 1170 2477 1283 2561; x_wconf 88' lang='lat' dir='ltr'><strong>duplici</strong></span> 
     </span>
    </p>
   </div>
   <div class='ocr_carea' id='block_1_6' title="bbox 11 2578 1284 2663">
    <p class='ocr_par' dir='ltr' id='par_1_8' title="bbox 11 2578 1284 2663">
     <span class='ocr_line' id='line_1_20' title="bbox 11 2578 1284 2663; baseline 0.002 -18"><span class='ocrx_word' id='word_1_142' title='bbox 11 2582 72 2646; x_wconf 84' lang='lat' dir='ltr'><strong>eric</strong></span> <span class='ocrx_word' id='word_1_143' title='bbox 99 2578 285 2646; x_wconf 82' lang='lat' dir='ltr'><strong>cellularum</strong></span> <span class='ocrx_word' id='word_1_144' title='bbox 310 2579 508 2661; x_wconf 88' lang='lat' dir='ltr'><strong>compositus.</strong></span> <span class='ocrx_word' id='word_1_145' title='bbox 539 2580 719 2646; x_wconf 86' lang='lat' dir='ltr'><strong>Membrana</strong></span> <span class='ocrx_word' id='word_1_146' title='bbox 740 2580 909 2663; x_wconf 85' lang='lat' dir='ltr'><strong>capsularis</strong></span> <span class='ocrx_word' id='word_1_147' title='bbox 929 2581 1052 2648; x_wconf 84' lang='lat' dir='ltr'><strong>densius</strong></span> <span class='ocrx_word' id='word_1_148' title='bbox 1067 2583 1161 2647; x_wconf 86' lang='lat' dir='ltr'><strong>texta.</strong></span> <span class='ocrx_word' id='word_1_149' title='bbox 1194 2582 1284 2648; x_wconf 86' lang='lat' dir='ltr'><strong>Peri·</strong></span> 
     </span>
    </p>
   </div>
   <div class='ocr_carea' id='block_1_7' title="bbox 11 2685 1282 2867">
    <p class='ocr_par' dir='ltr' id='par_1_9' title="bbox 11 2685 1282 2867">
     <span class='ocr_line' id='line_1_21' title="bbox 11 2685 1282 2772; baseline -0.001 -19"><span class='ocrx_word' id='word_1_150' title='bbox 11 2687 149 2752; x_wconf 89' lang='lat' dir='ltr'><strong>tomium</strong></span> <span class='ocrx_word' id='word_1_151' title='bbox 172 2685 214 2749; x_wconf 82' lang='grc' dir='ltr'><strong>Α.</strong></span> <span class='ocrx_word' id='word_1_152' title='bbox 244 2687 374 2770; x_wconf 81' lang='lat' dir='ltr'><strong>riparii.</strong></span> <span class='ocrx_word' id='word_1_153' title='bbox 418 2685 591 2752; x_wconf 87' lang='lat' dir='ltr'><strong>Pedicellus</strong></span> <span class='ocrx_word' id='word_1_154' title='bbox 625 2703 679 2767; x_wconf 90' lang='lat' dir='ltr'><strong>pro</strong></span> <span class='ocrx_word' id='word_1_155' title='bbox 712 2704 797 2753; x_wconf 89' lang='lat' dir='ltr'><strong>more</strong></span> <span class='ocrx_word' id='word_1_156' title='bbox 827 2685 895 2753; x_wconf 86' lang='lat' dir='ltr'><strong>basi</strong></span> <span class='ocrx_word' id='word_1_157' title='bbox 927 2687 1129 2771; x_wconf 81' lang='lat' dir='ltr'><strong>geniculatus.</strong></span> <span class='ocrx_word' id='word_1_158' title='bbox 1177 2687 1282 2772; x_wconf 81' lang='lat' dir='ltr'><strong>Bryol.</strong></span> 
     </span>
     <span class='ocr_line' id='line_1_22' title="bbox 11 2789 437 2867; baseline -0.005 -11"><span class='ocrx_word' id='word_1_159' title='bbox 11 2811 55 2858; x_wconf 87' lang='lat' dir='ltr'><strong>ur.</strong></span> <span class='ocrx_word' id='word_1_160' title='bbox 83 2790 160 2855; x_wconf 90' lang='lat' dir='ltr'><strong>Vol.</strong></span> <span class='ocrx_word' id='word_1_161' title='bbox 187 2789 240 2867; x_wconf 87' lang='lat' dir='ltr'><strong>VI,</strong></span> <span class='ocrx_word' id='word_1_162' title='bbox 263 2789 338 2856; x_wconf 83' lang='lat' dir='ltr'><strong>Tab.</strong></span> <span class='ocrx_word' id='word_1_163' title='bbox 363 2789 437 2856; x_wconf 76' lang='lat'><strong>569.</strong></span> 
     </span>
    </p>
   </div>
   <div class='ocr_carea' id='block_1_8' title="bbox 11 2911 1283 3411">
    <p class='ocr_par' dir='ltr' id='par_1_10' title="bbox 11 2911 1283 3100">
     <span class='ocr_line' id='line_1_23' title="bbox 86 2911 1283 2997; baseline 0 -19"><span class='ocrx_word' id='word_1_164' title='bbox 86 2912 202 2978; x_wconf 74' lang='lat' dir='ltr'><strong>Haec</strong></span> <span class='ocrx_word' id='word_1_165' title='bbox 234 2911 266 2976; x_wconf 94' lang='lat' dir='ltr'><strong>in</strong></span> <span class='ocrx_word' id='word_1_166' title='bbox 301 2913 412 2997; x_wconf 84' lang='lat' dir='ltr'><strong>stagno</strong></span> <span class='ocrx_word' id='word_1_167' title='bbox 444 2912 596 2979; x_wconf 76' lang='lat' dir='ltr'><strong>exsiccato</strong></span> <span class='ocrx_word' id='word_1_168' title='bbox 627 2931 721 2997; x_wconf 91' lang='lat' dir='ltr'><strong>prope</strong></span> <span class='ocrx_word' id='word_1_169' title='bbox 742 2912 927 2996; x_wconf 88' lang='lat' dir='ltr'><strong>Bipontum,</strong></span> <span class='ocrx_word' id='word_1_170' title='bbox 960 2911 1012 2978; x_wconf 90' lang='lat' dir='ltr'><strong>ubi</strong></span> <span class='ocrx_word' id='word_1_171' title='bbox 1046 2913 1126 2978; x_wconf 85' lang='lat' dir='ltr'><strong>beat.</strong></span> <span class='ocrx_word' id='word_1_172' title='bbox 1149 2911 1283 2978; x_wconf 76' lang='lat' dir='ltr'><strong>cunnus</strong></span> 
     </span>
     <span class='ocr_line' id='line_1_24' title="bbox 11 3015 209 3100; baseline -0.015 -18"><span class='ocrx_word' id='word_1_173' title='bbox 11 3017 93 3084; x_wconf 86' lang='lat' dir='ltr'><strong>smel</strong></span> <span class='ocrx_word' id='word_1_174' title='bbox 118 3015 209 3100; x_wconf 83' lang='lat' dir='ltr'><strong>legit.</strong></span> 
     </span>
    </p>

    <p class='ocr_par' dir='ltr' id='par_1_11' title="bbox 86 3118 493 3184">
     <span class='ocr_line' id='line_1_25' title="bbox 86 3118 493 3184; baseline 0 0"><span class='ocrx_word' id='word_1_175' title='bbox 86 3119 201 3184; x_wconf 64' lang='lat' dir='ltr'><strong>Fece.</strong></span> <span class='ocrx_word' id='word_1_176' title='bbox 225 3125 341 3184; x_wconf 85' lang='lat' dir='ltr'><strong>matur.</strong></span> <span class='ocrx_word' id='word_1_177' title='bbox 364 3118 493 3184; x_wconf 78' lang='lat' dir='ltr'><strong>aestate.</strong></span> 
     </span>
    </p>

    <p class='ocr_par' dir='ltr' id='par_1_12' title="bbox 11 3246 1283 3411">
     <span class='ocr_line' id='line_1_26' title="bbox 87 3246 1282 3324; baseline -0.001 -17"><span class='ocrx_word' id='word_1_178' title='bbox 87 3249 213 3309; x_wconf 82' lang='lat' dir='ltr'><strong>Formas</strong></span> <span class='ocrx_word' id='word_1_179' title='bbox 243 3247 348 3308; x_wconf 89' lang='lat' dir='ltr'><strong>minori</strong></span> <span class='ocrx_word' id='word_1_180' title='bbox 370 3246 409 3306; x_wconf 78' lang='lat' dir='ltr'><strong>A.</strong></span> <span class='ocrx_word' id='word_1_181' title='bbox 440 3249 552 3324; x_wconf 56' lang='lat' dir='ltr'><strong>rasorii</strong></span> <span class='ocrx_word' id='word_1_182' title='bbox 582 3247 694 3319; x_wconf 90' lang='lat' dir='ltr'><strong>simile,</strong></span> <span class='ocrx_word' id='word_1_183' title='bbox 729 3248 900 3307; x_wconf 86' lang='lat' dir='ltr'><strong>distinctum</strong></span> <span class='ocrx_word' id='word_1_184' title='bbox 927 3247 1061 3307; x_wconf 84' lang='lat' dir='ltr'><strong>loliorum</strong></span> <span class='ocrx_word' id='word_1_185' title='bbox 1083 3247 1139 3305; x_wconf 88' lang='lat' dir='ltr'><strong>reti</strong></span> <span class='ocrx_word' id='word_1_186' title='bbox 1161 3246 1282 3319; x_wconf 83' lang='lat' dir='ltr'><strong>laxiore,</strong></span> 
     </span>
     <span class='ocr_line' id='line_1_27' title="bbox 11 3332 1283 3411; baseline 0 -18"><span class='ocrx_word' id='word_1_187' title='bbox 11 3335 77 3395; x_wconf 80' lang='lat' dir='ltr'><strong>iliis</strong></span> <span class='ocrx_word' id='word_1_188' title='bbox 95 3334 359 3409; x_wconf 83' lang='lat' dir='ltr'><strong>perichaetialibus</strong></span> <span class='ocrx_word' id='word_1_189' title='bbox 375 3334 458 3409; x_wconf 86' lang='lat' dir='ltr'><strong>apice</strong></span> <span class='ocrx_word' id='word_1_190' title='bbox 474 3335 606 3406; x_wconf 83' lang='lat' dir='ltr'><strong>serratis,</strong></span> <span class='ocrx_word' id='word_1_191' title='bbox 628 3335 736 3395; x_wconf 91' lang='lat' dir='ltr'><strong>annulo</strong></span> <span class='ocrx_word' id='word_1_192' title='bbox 753 3334 933 3411; x_wconf 80' lang='lat' dir='ltr'><strong>augustiore,</strong></span> <span class='ocrx_word' id='word_1_193' title='bbox 957 3333 1054 3393; x_wconf 84' lang='lat' dir='ltr'><strong>diflert</strong></span> <span class='ocrx_word' id='word_1_194' title='bbox 1069 3336 1107 3394; x_wconf 84' lang='lat' dir='ltr'><strong>ab</strong></span> <span class='ocrx_word' id='word_1_195' title='bbox 1122 3332 1160 3392; x_wconf 76' lang='lat' dir='ltr'><strong>A.</strong></span> <span class='ocrx_word' id='word_1_196' title='bbox 1177 3333 1283 3393; x_wconf 79' lang='lat' dir='ltr'><strong>Koctic&#39;</strong></span> 
     </span>
    </p>
   </div>
   <div class='ocr_carea' id='block_1_9' title="bbox 11 3421 1282 3586">
    <p class='ocr_par' dir='ltr' id='par_1_13' title="bbox 11 3421 1282 3586">
     <span class='ocr_line' id='line_1_28' title="bbox 11 3421 1282 3498; baseline -0.001 -18"><span class='ocrx_word' id='word_1_197' title='bbox 11 3424 78 3482; x_wconf 89' lang='lat' dir='ltr'><strong>eliis</strong></span> <span class='ocrx_word' id='word_1_198' title='bbox 102 3423 278 3494; x_wconf 88' lang='lat' dir='ltr'><strong>latioribus,</strong></span> <span class='ocrx_word' id='word_1_199' title='bbox 304 3423 386 3482; x_wconf 90' lang='lat' dir='ltr'><strong>costa</strong></span> <span class='ocrx_word' id='word_1_200' title='bbox 417 3422 548 3482; x_wconf 81' lang='lat' dir='ltr'><strong>breviore</strong></span> <span class='ocrx_word' id='word_1_201' title='bbox 579 3422 673 3482; x_wconf 91' lang='lat' dir='ltr'><strong>miuus</strong></span> <span class='ocrx_word' id='word_1_202' title='bbox 700 3422 787 3498; x_wconf 81' lang='lat' dir='ltr'><strong>longe</strong></span> <span class='ocrx_word' id='word_1_203' title='bbox 816 3422 991 3481; x_wconf 77' lang='lat' dir='ltr'><strong>acuminatis</strong></span> <span class='ocrx_word' id='word_1_204' title='bbox 1017 3421 1106 3480; x_wconf 89' lang='lat' dir='ltr'><strong>latius</strong></span> <span class='ocrx_word' id='word_1_205' title='bbox 1137 3421 1282 3495; x_wconf 83' lang='lat' dir='ltr'><strong>pauloque</strong></span> 
     </span>
     <span class='ocr_line' id='line_1_29' title="bbox 11 3507 1242 3586; baseline -0.001 -19"><span class='ocrx_word' id='word_1_206' title='bbox 11 3511 120 3568; x_wconf 71' lang='lat' dir='ltr'><strong>»resins</strong></span> <span class='ocrx_word' id='word_1_207' title='bbox 143 3509 318 3581; x_wconf 89' lang='lat' dir='ltr'><strong>reticulatis,</strong></span> <span class='ocrx_word' id='word_1_208' title='bbox 341 3507 600 3584; x_wconf 83' lang='lat' dir='ltr'><strong>perichactialibus</strong></span> <span class='ocrx_word' id='word_1_209' title='bbox 623 3509 704 3584; x_wconf 86' lang='lat' dir='ltr'><strong>apice</strong></span> <span class='ocrx_word' id='word_1_210' title='bbox 727 3510 822 3569; x_wconf 87' lang='lat' dir='ltr'><strong>miuus</strong></span> <span class='ocrx_word' id='word_1_211' title='bbox 843 3509 930 3586; x_wconf 79' lang='lat' dir='ltr'><strong>louge</strong></span> <span class='ocrx_word' id='word_1_212' title='bbox 954 3509 1057 3569; x_wconf 90' lang='lat' dir='ltr'><strong>educto</strong></span> <span class='ocrx_word' id='word_1_213' title='bbox 1081 3508 1242 3568; x_wconf 85' lang='lat' dir='ltr'><strong>serrulaiis.</strong></span> 
     </span>
    </p>
   </div>
   <div class='ocr_carea' id='block_1_10' title="bbox 369 3700 919 3898">
    <p class='ocr_par' dir='ltr' id='par_1_14' title="bbox 369 3700 919 3898">
     <span class='ocr_line' id='line_1_30' title="bbox 369 3700 919 3771; baseline 0.004 -14"><span class='ocrx_word' id='word_1_214' title='bbox 369 3702 419 3760; x_wconf 79' lang='lat'><strong>10.</strong></span> <span class='ocrx_word' id='word_1_215' title='bbox 443 3700 723 3770; x_wconf 72' lang='lat' dir='ltr'><strong>Amblysteginm</strong></span> <span class='ocrx_word' id='word_1_216' title='bbox 742 3700 919 3771; x_wconf 84' lang='lat' dir='ltr'><strong>riparium.</strong></span> 
     </span>
     <span class='ocr_line' id='line_1_31' title="bbox 437 3822 845 3898; baseline 0.002 -17"><span class='ocrx_word' id='word_1_217' title='bbox 437 3822 576 3898; x_wconf 78' lang='lat' dir='ltr'><strong>Hypuum</strong></span> <span class='ocrx_word' id='word_1_218' title='bbox 599 3823 739 3897; x_wconf 87' lang='lat' dir='ltr'><strong>riparium</strong></span> <span class='ocrx_word' id='word_1_219' title='bbox 761 3823 845 3882; x_wconf 84' lang='lat' dir='ltr'><strong>Lruu.</strong></span> 
     </span>
    </p>
   </div>
   <div class='ocr_carea' id='block_1_11' title="bbox 11 3953 1285 4776">
    <p class='ocr_par' dir='ltr' id='par_1_15' title="bbox 11 3953 1285 4776">
     <span class='ocr_line' id='line_1_32' title="bbox 89 3953 1285 4039; baseline -0.001 -19"><span class='ocrx_word' id='word_1_220' title='bbox 89 3953 194 4038; x_wconf 83' lang='lat' dir='ltr'><strong>Longe</strong></span> <span class='ocrx_word' id='word_1_221' title='bbox 217 3954 340 4035; x_wconf 85' lang='lat' dir='ltr'><strong>lateque</strong></span> <span class='ocrx_word' id='word_1_222' title='bbox 355 3954 693 4038; x_wconf 79' lang='lat' dir='ltr'><strong>demisso-caespitans3</strong></span> <span class='ocrx_word' id='word_1_223' title='bbox 715 3955 865 4039; x_wconf 86' lang='lat' dir='ltr'><strong>caespites</strong></span> <span class='ocrx_word' id='word_1_224' title='bbox 879 3955 953 4035; x_wconf 89' lang='lat' dir='ltr'><strong>lari,</strong></span> <span class='ocrx_word' id='word_1_225' title='bbox 975 3955 1095 4034; x_wconf 88' lang='lat' dir='ltr'><strong>molles,</strong></span> <span class='ocrx_word' id='word_1_226' title='bbox 1118 3955 1198 4022; x_wconf 86' lang='lat' dir='ltr'><strong>laete</strong></span> <span class='ocrx_word' id='word_1_227' title='bbox 1215 3973 1285 4020; x_wconf 88' lang='lat' dir='ltr'><strong>sor·</strong></span> 
     </span>
     <span class='ocr_line' id='line_1_33' title="bbox 11 4055 1284 4146; baseline 0.001 -24"><span class='ocrx_word' id='word_1_228' title='bbox 11 4055 73 4122; x_wconf 87' lang='lat' dir='ltr'><strong>lide</strong></span> <span class='ocrx_word' id='word_1_229' title='bbox 94 4059 142 4124; x_wconf 78' lang='lat' dir='ltr'><strong>sel</strong></span> <span class='ocrx_word' id='word_1_230' title='bbox 166 4057 473 4126; x_wconf 61' lang='lat' dir='ltr'><strong>muscenti-virides.</strong></span> <span class='ocrx_word' id='word_1_231' title='bbox 520 4059 624 4126; x_wconf 73' lang='lat' dir='ltr'><strong>(taulis</strong></span> <span class='ocrx_word' id='word_1_232' title='bbox 645 4059 757 4144; x_wconf 83' lang='lat' dir='ltr'><strong>longus</strong></span> <span class='ocrx_word' id='word_1_233' title='bbox 780 4061 813 4126; x_wconf 88' lang='lat' dir='ltr'><strong>et</strong></span> <span class='ocrx_word' id='word_1_234' title='bbox 835 4061 1049 4146; x_wconf 85' lang='lat' dir='ltr'><strong>longissimus,</strong></span> <span class='ocrx_word' id='word_1_235' title='bbox 1071 4077 1188 4142; x_wconf 88' lang='lat' dir='ltr'><strong>repens,</strong></span> <span class='ocrx_word' id='word_1_236' title='bbox 1211 4056 1284 4124; x_wconf 87' lang='lat' dir='ltr'><strong>liac-</strong></span> 
     </span>
     <span class='ocr_line' id='line_1_34' title="bbox 11 4159 1282 4250; baseline 0.005 -28"><span class='ocrx_word' id='word_1_237' title='bbox 11 4159 100 4240; x_wconf 74' lang='lat' dir='ltr'><strong>:idns</strong></span> <span class='ocrx_word' id='word_1_238' title='bbox 122 4181 217 4246; x_wconf 88' lang='lat' dir='ltr'><strong>perce</strong></span> <span class='ocrx_word' id='word_1_239' title='bbox 239 4162 356 4228; x_wconf 86' lang='lat' dir='ltr'><strong>divisus</strong></span> <span class='ocrx_word' id='word_1_240' title='bbox 378 4165 410 4229; x_wconf 91' lang='lat' dir='ltr'><strong>et</strong></span> <span class='ocrx_word' id='word_1_241' title='bbox 433 4181 511 4250; x_wconf 85' lang='lat' dir='ltr'><strong>vage</strong></span> <span class='ocrx_word' id='word_1_242' title='bbox 532 4164 718 4230; x_wconf 85' lang='lat' dir='ltr'><strong>ramulosus.</strong></span> <span class='ocrx_word' id='word_1_243' title='bbox 763 4164 852 4230; x_wconf 83' lang='lat' dir='ltr'><strong>Folia</strong></span> <span class='ocrx_word' id='word_1_244' title='bbox 873 4164 1068 4231; x_wconf 86' lang='lat' dir='ltr'><strong>subcoufcrte</strong></span> <span class='ocrx_word' id='word_1_245' title='bbox 1090 4162 1138 4228; x_wconf 86' lang='lat' dir='ltr'><strong>vel</strong></span> <span class='ocrx_word' id='word_1_246' title='bbox 1153 4163 1282 4242; x_wconf 87' lang='lat' dir='ltr'><strong>remote,</strong></span> 
     </span>
     <span class='ocr_line' id='line_1_35' title="bbox 11 4263 1283 4353; baseline 0.002 -25"><span class='ocrx_word' id='word_1_247' title='bbox 11 4263 180 4350; x_wconf 88' lang='lat' dir='ltr'><strong>plerumque</strong></span> <span class='ocrx_word' id='word_1_248' title='bbox 202 4265 333 4334; x_wconf 86' lang='lat' dir='ltr'><strong>distiche</strong></span> <span class='ocrx_word' id='word_1_249' title='bbox 355 4267 556 4353; x_wconf 82' lang='lat' dir='ltr'><strong>divergentia,</strong></span> <span class='ocrx_word' id='word_1_250' title='bbox 579 4270 680 4335; x_wconf 83' lang='lat' dir='ltr'><strong>rarius</strong></span> <span class='ocrx_word' id='word_1_251' title='bbox 701 4269 900 4348; x_wconf 89' lang='lat' dir='ltr'><strong>subsecunda,</strong></span> <span class='ocrx_word' id='word_1_252' title='bbox 924 4269 1055 4336; x_wconf 85' lang='lat' dir='ltr'><strong>maxime</strong></span> <span class='ocrx_word' id='word_1_253' title='bbox 1070 4266 1283 4351; x_wconf 80' lang='lat' dir='ltr'><strong>polymorpha,</strong></span> 
     </span>
     <span class='ocr_line' id='line_1_36' title="bbox 11 4371 1283 4459; baseline 0.003 -25"><span class='ocrx_word' id='word_1_254' title='bbox 11 4371 136 4440; x_wconf 81' lang='lat' dir='ltr'><strong>orevilar</strong></span> <span class='ocrx_word' id='word_1_255' title='bbox 159 4371 370 4452; x_wconf 89' lang='lat' dir='ltr'><strong>decurrentia,</strong></span> <span class='ocrx_word' id='word_1_256' title='bbox 404 4374 467 4441; x_wconf 86' lang='lat' dir='ltr'><strong>late</strong></span> <span class='ocrx_word' id='word_1_257' title='bbox 489 4377 598 4440; x_wconf 82' lang='lat' dir='ltr'><strong>ovato·</strong></span> <span class='ocrx_word' id='word_1_258' title='bbox 621 4375 652 4440; x_wconf 91' lang='lat' dir='ltr'><strong>et</strong></span> <span class='ocrx_word' id='word_1_259' title='bbox 675 4373 994 4459; x_wconf 83' lang='lat' dir='ltr'><strong>oblongo-lanceolata</strong></span> <span class='ocrx_word' id='word_1_260' title='bbox 1017 4373 1051 4440; x_wconf 92' lang='lat' dir='ltr'><strong>et</strong></span> <span class='ocrx_word' id='word_1_261' title='bbox 1072 4372 1283 4458; x_wconf 81' lang='lat' dir='ltr'><strong>ovato-sagit·</strong></span> 
     </span>
     <span class='ocr_line' id='line_1_37' title="bbox 11 4475 1284 4564; baseline 0 -22"><span class='ocrx_word' id='word_1_262' title='bbox 11 4479 86 4556; x_wconf 80' lang='lat' dir='ltr'><strong>tuta,</strong></span> <span class='ocrx_word' id='word_1_263' title='bbox 104 4477 143 4545; x_wconf 87' lang='lat' dir='ltr'><strong>ad</strong></span> <span class='ocrx_word' id='word_1_264' title='bbox 166 4478 298 4564; x_wconf 84' lang='lat' dir='ltr'><strong>angulos</strong></span> <span class='ocrx_word' id='word_1_265' title='bbox 322 4479 469 4546; x_wconf 82' lang='lat' dir='ltr'><strong>basileros</strong></span> <span class='ocrx_word' id='word_1_266' title='bbox 493 4480 649 4558; x_wconf 84' lang='lat' dir='ltr'><strong>excavata,</strong></span> <span class='ocrx_word' id='word_1_267' title='bbox 672 4478 742 4562; x_wconf 92' lang='lat' dir='ltr'><strong>plus</strong></span> <span class='ocrx_word' id='word_1_268' title='bbox 763 4477 866 4545; x_wconf 91' lang='lat' dir='ltr'><strong>miuus</strong></span> <span class='ocrx_word' id='word_1_269' title='bbox 888 4479 979 4564; x_wconf 86' lang='lat' dir='ltr'><strong>longe</strong></span> <span class='ocrx_word' id='word_1_270' title='bbox 1001 4479 1032 4546; x_wconf 87' lang='lat' dir='ltr'><strong>et</strong></span> <span class='ocrx_word' id='word_1_271' title='bbox 1054 4475 1188 4544; x_wconf 72' lang='lat' dir='ltr'><strong>tenuitm</strong></span> <span class='ocrx_word' id='word_1_272' title='bbox 1209 4495 1284 4543; x_wconf 83' lang='lat' dir='ltr'><strong>acu-</strong></span> 
     </span>
     <span class='ocr_line' id='line_1_38' title="bbox 11 4579 1284 4669; baseline 0 -21"><span class='ocrx_word' id='word_1_273' title='bbox 11 4580 133 4664; x_wconf 84' lang='lat' dir='ltr'><strong>minata,</strong></span> <span class='ocrx_word' id='word_1_274' title='bbox 156 4583 236 4650; x_wconf 87' lang='lat' dir='ltr'><strong>sicca</strong></span> <span class='ocrx_word' id='word_1_275' title='bbox 258 4585 426 4664; x_wconf 82' lang='lat' dir='ltr'><strong>contrecta,</strong></span> <span class='ocrx_word' id='word_1_276' title='bbox 450 4583 659 4669; x_wconf 80' lang='lat' dir='ltr'><strong>integerrima,</strong></span> <span class='ocrx_word' id='word_1_277' title='bbox 682 4583 765 4650; x_wconf 80' lang='lat' dir='ltr'><strong>ultra</strong></span> <span class='ocrx_word' id='word_1_278' title='bbox 787 4583 921 4650; x_wconf 87' lang='lat' dir='ltr'><strong>medium</strong></span> <span class='ocrx_word' id='word_1_279' title='bbox 943 4583 1073 4661; x_wconf 84' lang='lat' dir='ltr'><strong>castata,</strong></span> <span class='ocrx_word' id='word_1_280' title='bbox 1095 4579 1284 4648; x_wconf 87' lang='lat' dir='ltr'><strong>areolatioue</strong></span> 
     </span>
     <span class='ocr_line' id='line_1_39' title="bbox 11 4683 1283 4776; baseline 0 -24"><span class='ocrx_word' id='word_1_281' title='bbox 11 4703 134 4768; x_wconf 88' lang='lat' dir='ltr'><strong>superne</strong></span> <span class='ocrx_word' id='word_1_282' title='bbox 156 4689 289 4776; x_wconf 71' lang='lat' dir='ltr'><strong>anguste</strong></span> <span class='ocrx_word' id='word_1_283' title='bbox 309 4688 505 4758; x_wconf 86' lang='lat' dir='ltr'><strong>rhomboides</strong></span> <span class='ocrx_word' id='word_1_284' title='bbox 527 4688 643 4757; x_wconf 73' lang='lat' dir='ltr'><strong>iurene</strong></span> <span class='ocrx_word' id='word_1_285' title='bbox 664 4687 797 4770; x_wconf 82' lang='lat' dir='ltr'><strong>laxiore,</strong></span> <span class='ocrx_word' id='word_1_286' title='bbox 819 4687 859 4754; x_wconf 86' lang='lat' dir='ltr'><strong>ud</strong></span> <span class='ocrx_word' id='word_1_287' title='bbox 879 4689 1011 4774; x_wconf 83' lang='lat' dir='ltr'><strong>angulos</strong></span> <span class='ocrx_word' id='word_1_288' title='bbox 1031 4685 1100 4754; x_wconf 86' lang='lat' dir='ltr'><strong>lure</strong></span> <span class='ocrx_word' id='word_1_289' title='bbox 1121 4683 1283 4769; x_wconf 81' lang='lat' dir='ltr'><strong>quadrata,</strong></span> 
     </span>
    </p>
   </div>
   <div class='ocr_carea' id='block_1_12' title="bbox 0 0 1569 5254">
    <p class='ocr_par' dir='ltr' id='par_1_16' title="bbox 0 0 1569 5254">
     <span class='ocr_line' id='line_1_40' title="bbox 0 0 1569 5254; baseline 0 0"><span class='ocrx_word' id='word_1_290' title='bbox 0 0 1569 5254; x_wconf 95' lang='lat' dir='ltr'><strong> </strong></span> 
     </span>
    </p>
   </div>
  </div>
 </body>
</html>
