3434 5234
727 341 925 400 Grlrnmlaoeae

184 516 382 584 Cinolidotus
404 519 461 585 Ba.
486 520 518 586 et
541 519 614 586 Sos.
637 519 742 603 Bryol.
765 537 829 586 eur.
873 519 973 586 Wms.
996 519 1102 604 Brpol.
1126 519 1206 584 Brit.

185 623 364 690 (irimbelv'e.
410 623 491 691 Sect.
514 625 573 690 111.
598 624 825 709 (Cinciidotus)
849 623 881 692 C.
903 624 1038 690 Murum
1060 623 1187 709 Synopa.

588 844 616 899 l.
656 842 872 901 cinelidotus
894 843 1056 913 riparius.

553 963 703 1040 Gymnost.
727 965 816 1042 ripar.
838 965 920 1025 Hosn
940 965 983 1024 Fl.
1007 965 1098 1024 anstr.

273 1095 432 1179 Caespites
453 1096 517 1162 lari
540 1116 670 1179 superne
692 1097 910 1178 atro-virides,
939 1097 1056 1164 inferne
1079 1093 1255 1184 nigerrimi,
1278 1093 1378 1160 rarius
1399 1094 1464 1160 fus-

180 1201 348 1267 cescentes.
393 1200 482 1267 Folia
504 1201 778 1285 erecto-patentia,
813 1201 953 1268 siccitate
975 1202 1015 1267 ad
1037 1199 1133 1266 caulis
1156 1198 1369 1265 summitatem
1392 1197 1465 1264 snb-

181 1305 397 1387 contorquata,
420 1303 732 1391 ligulam-elongata,
756 1305 905 1389 subplane
929 1304 987 1373 alis
1009 1305 1121 1382 leniter
1142 1304 1287 1383 recurvis,
1310 1302 1465 1388 paulisper

182 1408 335 1487 carinam
359 1410 446 1476 costa
469 1410 560 1475 dorso
582 1409 756 1493 prominula
769 1411 854 1493 apice
869 1430 940 1476 cum
956 1409 1094 1493 margine
1109 1408 1280 1474 incrassato
1296 1405 1467 1473 confluente

182 1531 419 1597 mucronemque
441 1515 563 1581 brevem
586 1515 766 1582 efformante
788 1536 805 1582 a
826 1514 909 1581 luteo
930 1514 1025 1592 lusca
1048 1512 1173 1596 papillis
1195 1512 1338 1579 brevibus
1364 1511 1467 1600 medio

181 1618 363 1700 impressis;
392 1619 623 1701 perichaetialia
645 1619 891 1704 subvaginantia.
938 1618 1085 1704 Calyptra
1108 1617 1261 1684 cucullata
1284 1616 1465 1700 majuscula,

183 1721 292 1803 fusca,
325 1722 447 1805 saepius
479 1742 609 1790 unacum
641 1724 782 1806 operculo
812 1723 949 1790 decidua.
995 1721 1129 1806 Capsnla
1155 1721 1187 1787 in
1210 1721 1357 1805 pedicello
1380 1718 1466 1787 brevi

183 1845 291 1892 cresse
313 1827 484 1893 lucescente
507 1829 609 1894 erecta
631 1831 663 1894 et
686 1829 871 1906 subeamus,
894 1827 1003 1907 solida,
1026 1828 1169 1914 oblonga,
1193 1829 1338 1905 brunnea,
1363 1826 1465 1893 aetate

183 1931 267 1996 atra.
313 1931 499 2015 Opercnlum
520 1930 749 2010 acutirostrum,
772 1931 939 1998 incurvum.
985 1931 1163 1998 Peristomii
1186 1932 1292 1998 dentes
1315 1931 1347 1996 in
1369 1949 1467 1996 mem·

183 2035 284 2100 brana
306 2035 434 2102 basileri
457 2036 507 2102 sat
528 2035 675 2120 producta
697 2037 762 2102 rebe
784 2038 961 2102 transverse
983 2036 1196 2122 reetangulum
1212 2035 1342 2102 sistente
1358 2033 1466 2100 multi·

185 2137 260 2218 fidi,
291 2139 493 2205 divisionibus
523 2139 717 2206 filiiormibus
748 2140 817 2206 basi
838 2141 1004 2207 trabeculis
1027 2141 1110 2207 inter
1131 2159 1163 2207 se
1185 2140 1325 2207 connexis
1349 2139 1465 2222 apicem

185 2261 295 2308 versus
318 2243 369 2310 bic
390 2241 455 2309 illio
477 2243 600 2310 coalitis
623 2244 749 2310 undem
771 2244 888 2324 liberis,
910 2245 1049 2324 rubellio,
1071 2244 1189 2311 humidi
1213 2243 1372 2311 sinistram
1396 2261 1466 2307 ver·

185 2365 240 2413 sus
263 2347 407 2426 contorti,
430 2347 503 2414 sicci
525 2347 612 2431 apiae
632 2348 760 2416 incurvi.
806 2350 909 2434 Bryol.
933 2369 996 2416 eur.
1020 2350 1089 2417 Vol.
1112 2350 1171 2430 III,
1195 2349 1271 2416 Tab.
1287 2348 1361 2416 278.

191 2469 443 2536 Tricbostomum
465 2473 626 2558 riparium
648 2471 785 2538 caulibus
808 2472 1034 2552 erectiusoulis,
1058 2471 1207 2552 ramosis,
1230 2470 1313 2537 loliis
1334 2470 1467 2554 undique

297 2574 485 2658 patentibus,
508 2575 647 2661 oblongis
664 2595 716 2642 seu
731 2575 893 2662 lingulatis
915 2576 1095 2644 brevissime
1117 2575 1311 2654 acuminatis,
1333 2576 1467 2660 integer·

297 2680 417 2850 fflshpb
428 2682 496 2867 septa
506 2681 727 2849 1lr2r53viuscnla3
761 2681 923 2767 sporangio
946 2681 1082 2765 elliptico
1103 2682 1196 2747 Wnn.
1219 2683 1251 2748 et
1273 2681 1373 2748 Mona
1395 2682 1466 2748 Bot.

233 2891 420 2958 Scsvvsuen.
443 2888 548 2973 Suppl.
572 2891 606 2970 I,
636 2890 712 2957 Tab.
736 2889 787 2956 39.
837 2891 989 2957 Tricbost.
1012 2893 1177 2978 nigricans
1200 2891 1288 2956 Bam.
1312 2890 1399 2973 Speo.
1421 2888 1465 2954 ld.

185 3014 424 3080 Rocomit-rr'um
447 3014 609 3098 repartum
630 3013 719 3078 Bam.
742 3013 846 3097 Bryol.
871 3013 952 3079 trniv.

187 3117 383 3184 &misceres
404 3119 552 3203 riparius
574 3118 631 3185 Ba.
654 3118 687 3185 et
701 3117 774 3184 Son.
796 3118 903 3202 Brpol.
926 3136 991 3184 eur.
1037 3118 1163 3183 Hlarus.
1187 3115 1300 3184 Skand.
1320 3115 1367 3181 Fl.

187 3221 357 3289 medusa
380 3222 509 3308 ripario
531 3220 565 3288 Ο.
588 3221 723 3288 Mllnnns
744 3220 874 3306 Synops.

277 3343 386 3409 Habe
419 3345 459 3411 ad
487 3362 561 3410 sara
592 3345 625 3411 et
654 3343 741 3429 ligna
763 3343 795 3410 in
818 3343 928 3410 rivulis
951 3345 983 3410 et
1005 3343 1107 3410 fluviis
1129 3343 1263 3430 regionis
1286 3342 1468 3426 campestris

185 3449 222 3515 et
245 3448 438 3532 subalpinae;
466 3447 499 3513 in
521 3447 664 3515 Danubio
693 3449 733 3514 ad
756 3448 843 3531 palos
867 3448 970 3531 pontis
997 3447 1214 3514 Taborbrdclce
1236 3466 1329 3530 prope
1350 3445 1467 3512 Vindo-

184 3555 302 3640 bonem
325 3553 363 3618 cl.
387 3553 475 3620 Hosn
497 3553 624 3632 deterit,
648 3553 753 3619 eodem
776 3553 838 3619 iere
860 3555 999 3636 tempore
1021 3551 1053 3617 in
1075 3551 1175 3618 rivulo
1198 3551 1369 3637 Loecnpou
1384 3553 1468 3617 retro

185 3657 259 3724 Ben
280 3657 441 3724 Helvetiae
464 3657 660 3724 Sesnmcnua
691 3657 769 3742 legit
801 3659 833 3724 et
865 3658 922 3723 sub
952 3656 1074 3723 nomine
1101 3657 1308 3723 Trdcbostomi
1329 3657 1469 3742 ocleatini

184 3762 369 3851 publicavit,
392 3762 432 3828 ad
447 3764 638 3829 cataractam
653 3763 684 3830 fl.
702 3763 860 3848 Mcycuue
874 3781 969 3845 prope
986 3765 1112 3848 Anqera
1127 3762 1286 3848 (Germa),
1302 3781 1348 3845 pr.
1367 3759 1469 3826 cuar-

185 3875 286 3947 mont,
308 3867 537 3934 flaute-Marna
553 3867 763 3952 (Pmnmnnr),
785 3886 879 3950 prope
901 3867 1052 3932 Toulousc
1067 3865 1367 3951 (Moerin-Taunus,
1389 3864 1469 3931 sm-

183 3971 428 4056 aav-Grunsnn),
451 3972 572 4054 copiose
587 3974 619 4038 et
634 3971 836 4054 pulcherrime
851 3971 1038 4037 fructificans
1054 3970 1092 4036 ad
1107 3969 1469 4056 Bupalus-dederetur

182 4079 420 4162 Pyrenaeorum
442 4077 617 4160 (Gounsan,
639 4076 801 4160 Hnsnor),
825 4076 856 4141 in
878 4075 968 4141 rivul.
992 4073 1178 4159 Pinzgoviae
1200 4075 1232 4140 et
1254 4093 1347 4158 prope
1369 4074 1469 4140 Juva-

183 4181 273 4250 vn‘am
296 4181 456 4267 (Saurea),
479 4181 600 4265 ipsein
623 4181 654 4247 n.
679 4182 772 4246 Birsc
794 4200 887 4264 prope
911 4181 1066 4246 Mordiera
1087 4179 1250 4246 Helvetiae
1274 4179 1307 4245 O.
1328 4180 1469 4264 fectine—

184 4287 270 4354 lor‘dr'
292 4284 488 4366 associatum,
511 4286 542 4352 in
565 4285 652 4354 ulveo
673 4285 885 4364 molendinari,
908 4303 998 4368 quem
1020 4285 1122 4351 totum
1145 4285 1278 4364 obducit,
1301 4283 1333 4350 ll.
1356 4284 1469 4350 Kbice

186 4391 253 4462 sill
267 4393 353 4458 retro
369 4389 590 4473 Oenopontum,
610 4390 692 4458 socio
709 4389 957 4476 Rhyuclvostepr'o
972 4389 1168 4472 rusciformi,
1191 4388 1381 4456 abundanter
1396 4388 1469 4473 legi,

185 4514 285 4582 prope
307 4495 552 4580 Argentoratum
583 4495 649 4562 loco
673 4495 808 4560 Gaesao
839 4495 877 4560 ad
908 4493 1027 4578 lignum
1059 4493 1261 4558 fabrefactum
1291 4491 1469 4558 immersum

185 4603 305 4686 reperi;
327 4620 374 4684 pr.
391 4600 601 4686 Laufenburq
616 4599 772 4686 Argoviae
786 4599 827 4665 ad
841 4597 938 4664 moles
953 4597 1101 4664 erraticas
1115 4597 1147 4661 in
1162 4596 1269 4662 Rheno
1285 4597 1316 4662 et
1330 4615 1376 4678 pr.
1393 4595 1469 4660 Kis-

187 4711 302 4794 einpen
325 4706 493 4794 (Gesner),
517 4705 549 4772 in
571 4705 670 4772 rivulo
693 4703 806 4771 summi
828 4704 972 4770 Brcnuer·
994 4700 1116 4786 Tyrolis
1139 4701 1320 4787 (Loannvz).
