3268 5218
279 237 317 305 10
584 303 588 312 ¹
800 247 803 258 ·
827 233 1000 291 Pothioideae.

276 413 435 479 Phaecam
452 412 681 497 poolpcarpon
703 411 888 477 Soawsaos.
910 413 969 496 (i);
991 409 1157 493 descriptio
1178 411 1211 476 et
1227 410 1327 500 icones
1344 409 1477 474 minime
1492 429 1560 475 cum

384 517 490 600 planta
512 518 620 582 nostre
641 517 822 599 congruunt.

276 619 436 684 Phaecam
458 621 703 685 crossiucrvium
735 620 833 686 Gnev.
868 619 950 686 Scot.
987 620 1086 703 crypt.
1114 617 1196 683 mor.
1242 619 1342 683 lloon.
1366 618 1452 684 Brit.
1477 617 1561 684 Flor.

387 725 486 790 Wns.
510 725 601 810 Eugl.
625 724 672 790 lll.

279 829 488 915 prernerum
509 830 750 915 paobycurpum
771 829 887 894 Hense
910 827 958 894 lll.
1004 829 1061 892 sn.
1085 829 1117 894 at
1139 827 1211 894 Sca.
1236 829 1341 913 Bryol.
1364 848 1430 894 cur.

277 935 493 1021 prerucrella
511 934 720 1020 pucbycarpa
742 933 775 1000 C.
799 934 902 998 hittun.
925 932 998 1018 Syn.
1024 933 1048 1010 I,
1072 953 1101 1015 p.
1126 931 1178 998 al.

363 1039 472 1104 Habit.
496 1039 526 1103 in
551 1040 635 1104 terra
658 1037 807 1122 argillosa
830 1037 970 1115 humida,
992 1037 1031 1102 ad
1053 1036 1206 1102 fossarum
1228 1037 1326 1101 latera
1348 1041 1381 1102 et
1403 1037 1435 1101 in
1461 1037 1566 1119 pratis

276 1143 451 1226 campisque
473 1143 523 1209 hic
545 1141 610 1207 illic
633 1162 686 1226 per
708 1141 862 1220 Galliam,
894 1141 1091 1208 Germaniam
1119 1143 1151 1207 et
1173 1141 1337 1226 Angliam;
1370 1142 1400 1206 in
1424 1139 1567 1206 Fenniae

276 1247 376 1312 insula
399 1246 726 1313 Alendia'Borrnusou
749 1244 836 1330 legit.

366 1350 475 1415 Frrrcl.
498 1357 612 1416 mutar.
637 1351 760 1416 ineunte
781 1349 898 1434 hyeme.

220 1523 228 1550 δ
363 1462 452 1522 Foliis
474 1461 672 1537 longioribus,
692 1461 857 1532 linoalibus,
880 1461 1082 1529 subnexuosis
1105 1461 1272 1520 distinctius
1295 1463 1568 1523 croso-denticula-

278 1549 326 1620 tis,
348 1551 430 1608 costa
453 1551 490 1608 ad
514 1549 596 1608 basin
621 1566 711 1623 usque
734 1549 876 1623 producta
898 1548 928 1607 in
952 1565 1117 1608 mucronem
1131 1550 1306 1623 procedente
1323 1549 1490 1617 instructis.
1516 1571 1568 1610 ca·

279 1635 379 1712 lyptra
402 1635 589 1696 solidiuscula
611 1636 771 1707 cucullata,
802 1635 922 1710 capsula
950 1635 1177 1710 obliquirostra,
1209 1638 1246 1696 ub
1267 1637 1348 1711 Epir.
1369 1639 1568 1711 stmuphyllo.

278 1741 343 1782 cum
365 1741 422 1799 quo
444 1741 531 1799 saepo
554 1726 758 1792 commutatur,
780 1724 854 1782 satis
877 1740 1020 1798 superque
1043 1723 1182 1782 distincta
1204 1726 1259 1783 est.

365 1812 410 1870 Ad
443 1811 568 1871 nominis
601 1809 804 1887 synonymiam
835 1810 1036 1885 explicandam
1069 1811 1267 1886 rationemque
1301 1829 1360 1885 qua
1383 1811 1498 1871 nomini
1525 1815 1567 1872 E.

273 1899 478 1973 poctpcorpae
500 1898 572 1956 illud
594 1899 634 1956 Ε.
651 1895 855 1967 recuredsolioe
878 1897 1035 1968 substituo,
1059 1899 1149 1957 verba
1170 1899 1277 1957 illustr.
1301 1899 1423 1957 Wruson
1447 1895 1567 1975 (Bryol.

278 1983 371 2058 Brit.)
393 1985 572 2046 transcribo:
600 1985 664 2042 ›lln
689 1983 841 2044 authentic
856 1983 1001 2059 specimen
1018 1984 1090 2044 irom
1108 1985 1160 2044 hir.
1178 1987 1304 2044 Drcnson
1322 1977 1481 2062 (agrooing
1499 1989 1564 2045 urolt

278 2072 350 2131 uith
373 2072 419 2132 his
441 2072 628 2148 description,
652 2071 765 2145 though
788 2073 840 2132 not
863 2071 935 2130 uith
958 2072 1008 2132 the
1031 2067 1138 2148 ligure)
1161 2073 1191 2132 in
1207 2074 1259 2132 hlr.
1275 2073 1423 2132 Tusma's
1447 2073 1565 2134 llcrba·

277 2159 361 2230 rium,
384 2160 503 2220 enshles
527 2177 560 2218 us
582 2161 613 2218 to
637 2158 795 2218 determino
819 2158 878 2216 this
902 2159 1029 2233 speciem
1056 2160 1175 2219 andan
1199 2159 1352 2220 authentia
1375 2161 1515 2237 example
1538 2163 1569 2220 oi

279 2247 318 2306 Β.
339 2248 554 2322 pocdycorpou,
576 2245 650 2304 irorn
674 2246 722 2304 Dr,
747 2246 1016 2315 Scswrsurrrcuun,
1050 2247 1180 2322 supplies
1213 2247 1263 2306 the
1291 2265 1394 2306 means
1427 2249 1463 2307 ol
1483 2251 1563 2308 iden·

277 2331 386 2408 tilping
409 2333 476 2392 that
498 2351 593 2402 moss,
626 2332 676 2392 tho
710 2332 819 2407 figures
853 2334 910 2391 end
945 2333 1138 2408 descriptions
1162 2334 1195 2394 oi
1213 2334 1308 2393 which
1332 2335 1361 2394 in
1387 2336 1562 2396 Scrrursoa

278 2421 378 2496 Suppl.
401 2421 459 2480 and
483 2420 512 2480 in
536 2421 633 2496 Bryol.
657 2437 747 2495 genn.
769 2437 819 2479 aro
843 2420 1040 2480 insecuturis<

646 2589 677 2644 2.
707 2586 948 2656 Ephemerella
969 2585 1196 2643 aromwmna.

621 2691 725 2750 Phasc.
755 2692 967 2752 llotouianurn
994 2691 1075 2749 Fures
1104 2691 1133 2749 in
1163 2691 1221 2750 litt.

365 2803 479 2870 Planta
510 2805 709 2888 praecedente
740 2805 850 2872 minor.
896 2805 984 2870 Folia
1014 2803 1272 2888 erecto-patentia
1305 2804 1388 2870 houd
1428 2806 1565 2871 heroem

277 2927 332 2974 nec
347 2909 484 2994 margine
500 2909 658 2988 undulata,
674 2910 739 2976 solo
751 2909 981 2992 epicerecurua,
998 2928 1091 2992 usque
1102 2907 1189 2974 basin
1204 2927 1309 2974 uersus
1319 2911 1432 2992 argute
1443 2913 1565 2974 serrata

278 3013 327 3080 rel
349 3014 546 3092 denticulata,
568 3017 670 3081 aetate
692 3015 817 3092 luteola,
840 3014 928 3080 cosla
949 3015 980 3080 in
1005 3013 1158 3098 apiculum
1180 3013 1339 3079 curtulum
1357 3011 1405 3078 rel
1421 3013 1565 3078 subulam

278 3117 443 3184 flexuosam
473 3122 600 3184 exeunte
628 3119 797 3184 inmerente
819 3118 980 3185 instructa.
1026 3119 1160 3201 Cepsulo
1182 3117 1418 3201 orato-globosa
1441 3119 1566 3200 spiculo

278 3221 363 3288 lueri
385 3222 543 3305 obliquato
567 3223 614 3288 vel
636 3225 728 3290 ovato
750 3224 874 3289 mutioa.
920 3222 1069 3306 Calpptra
1093 3222 1156 3288 late
1179 3220 1334 3290 cucullata
1356 3221 1413 3288 illa
1438 3241 1563 3303 praecc-

278 3324 379 3392 deutis
403 3327 513 3410 speciei
537 3326 666 3406 tenuior,
690 3327 842 3411 pallidior,
866 3327 967 3393 minus
988 3327 1172 3412 regulariter
1194 3325 1417 3392 einumseisu.
1465 3326 1565 3410 t'agi-

279 3428 351 3495 nula
373 3429 514 3496 eborata.
560 3431 663 3516 Brpol.
687 3452 751 3498 eur.
773 3431 880 3515 Suppl.
903 3431 977 3499 iaso.
999 3432 1025 3510 l,
1049 3431 1090 3510 ll,
1114 3431 1178 3497 tob.
1201 3432 1227 3496 1.

367 3550 531 3616 Habitin
554 3553 862 3632 berarmannus,
893 3553 1022 3620 humosa
1050 3555 1146 3619 mont.
1170 3552 1335 3618 Zectormr·
1358 3551 1443 3636 Bcrp
1469 3571 1564 3636 prope

279 3655 464 3740 Lorrdsbcrp
487 3655 526 3722 ad
549 3655 579 3722 fl.
611 3657 744 3722 tl'ortbo
766 3655 1034 3740 brandenburgica
1056 3657 1235 3742 (luorum).

368 3759 477 3824 huet.
500 3767 615 3826 seratur.
662 3760 798 3828 Octobri.

367 3869 483 3945 Species
506 3873 669 3945 pulchella,
696 3891 713 3932 a
737 3875 869 3932 Bsucuro
893 3872 961 3932 olim
984 3889 1036 3948 pro
1061 3889 1121 3931 var.
1145 3873 1223 3946 Epic.
1246 3873 1433 3932 cohaerentis
1448 3873 1563 3934 habita.

280 3955 358 4018 uotis
380 3975 468 4034 supra
492 3959 632 4035 expositis
655 3963 715 4020 tanr
739 3961 776 4020 ab
800 3960 854 4020 hoc
877 3976 963 4034 quam
987 3960 1024 4019 ab
1041 3960 1081 4018 Ε.
1105 3958 1294 4030 recurrisolio
1318 3959 1394 4020 satis
1410 3961 1562 4020 distincta.

820 4134 933 4208 runa
960 4135 1014 4210 ΙΙ.

762 4257 1074 4341 Phosceue

368 4411 499 4478 Plantae
544 4411 743 4498 h'prlrcrucrcia
788 4411 915 4478 solidius
960 4414 1061 4479 mutae
1111 4413 1202 4494 atque
1248 4411 1429 4478 Pollioceus
1484 4413 1561 4478 iuter

282 4533 401 4582 muscos
438 4517 655 4600 cleistocarpos
697 4517 873 4583 relerentes.
926 4516 1030 4582 Cauiis
1073 4515 1192 4582 brevior
1233 4513 1395 4598 longiores
1434 4517 1559 4602 simplos

281 4619 329 4686 vel
352 4617 478 4702 divisus,
501 4621 581 4690 baud
603 4640 674 4687 raro
696 4620 853 4690 innovans.
888 4621 973 4688 Folia
997 4621 1095 4688 husie
1117 4617 1236 4685 ushulis
1258 4621 1421 4688 exstructa
1442 4621 1561 4706 maguis
