3128 5254
536 383 703 456 fluum-
1189 395 1251 460 737

11 555 66 618 rto-
87 558 123 621 ot
139 555 500 640 sublineali-lancoolsta,
523 561 626 628 auur·
647 561 697 628 rol
718 561 1063 646 pibiormi-aouminata,
1086 566 1167 635 baud
1188 568 1252 634 sul·

11 659 54 730 lta,
76 658 143 722 reti
166 663 353 746 perangusto
375 663 710 744 vermiculari-linoari,
738 666 778 732 ad
807 668 937 752 angulos
966 687 983 734 e
1009 669 1127 736 oellnlis
1149 672 1253 756 paucis

11 761 51 826 ris
73 763 233 848 elongatis
254 767 386 849 hyalinis
410 768 580 849 efformato,
601 770 688 836 oosta
703 770 785 836 ultra
799 771 933 837 medium
948 773 1101 853 oontiuua,
1122 775 1154 840 in
1169 775 1251 842 foliis

13 866 140 933 mulinis
163 869 333 936 minoribus
355 867 500 940 breviore.
545 874 651 941 Floras
683 876 811 943 maseuli
841 876 1029 962 polyphylli,
1063 879 1145 945 loliis
1167 881 1252 964 apioe

11 973 172 1052 uarrosis,
204 974 382 1042 antheridiis
403 977 525 1062 magnis
554 978 702 1062 copiosis,
733 979 956 1065 paraphysibus
985 983 1251 1051 numerosissimis.

11 1074 207 1143 rdohaetium
229 1078 260 1142 in
283 1080 403 1146 ramulo
425 1081 506 1147 haud
520 1081 676 1149 radicante
691 1085 825 1169 longum,
848 1085 1008 1167 pallidum,
1030 1085 1113 1152 foliis
1127 1087 1251 1155 inferio·

11 1199 52 1244 uns
76 1199 95 1246 a
122 1179 194 1246 basi
217 1184 309 1249 ovata
330 1185 433 1250 erecta
455 1183 788 1270 fililormiapioulatis,
806 1189 955 1268 reourvis,
978 1190 1135 1270 eoostatis,
1158 1191 1252 1258 inter·

11 1303 15 1344 ι
37 1285 212 1370 elongatis,
235 1289 349 1353 sensim
372 1289 504 1354 tenuiter
526 1290 727 1370 acuminatis,
748 1293 990 1373 tenui-oostatis,
1012 1295 1125 1378 pluries
1148 1295 1251 1362 sulea-

16 1389 206 1474 3vaginuls
228 1391 418 1477 longissima.
463 1392 595 1477 Capsula
617 1414 634 1461 s
656 1395 735 1461 oollo
758 1399 856 1464 erasto
879 1415 997 1478 seruus,
1020 1399 1117 1466 uvalis
1139 1402 1171 1466 et
1194 1401 1251 1466 ob-

11 1512 65 1577 uga,
90 1493 213 1561 leniter
235 1495 371 1574 inourua,
394 1497 474 1566 siooa
488 1498 700 1582 deoperoulata
714 1499 765 1566 uir
781 1502 836 1567 sub
852 1520 903 1568 ore
918 1504 1085 1583 comotsta
1107 1503 1249 1587 operonlo

11 1598 240 1680 luero-oonieo,
261 1600 375 1666 annulo
397 1601 461 1667 lato
484 1621 502 1668 e
523 1602 640 1688 triplioi
661 1604 739 1670 serie
761 1605 941 1673 cellularum
955 1606 1134 1690 composito.
1164 1606 1250 1674 Peri·

11 1701 112 1768 mium
141 1703 189 1768 H.
211 1703 377 1787 (lamatio.
422 1707 525 1790 Bryol.
547 1726 612 1774 eur.
635 1707 705 1774 vol.
722 1708 777 1787 Vl,
799 1709 873 1778 Tab.
897 1709 973 1777 601.

11 1865 127 1926 psum
152 1845 332 1927 revolvens,
364 1845 566 1931 distinguitur
595 1847 634 1913 ab
657 1848 701 1914 H.
724 1851 846 1915 aduam
875 1848 952 1916 isoio
974 1850 1072 1916 multo
1094 1849 1248 1933 crispinus,

67 1947 164 2012 foliis
189 1947 381 2032 longioribus
404 1949 491 2031 apiae
513 1950 687 2034 capillsoeis
710 1952 879 2032 tortilibus,
901 1953 1002 2020 ooloro
1023 1954 1081 2019 eto.
1118 1951 1247 2020 Susura

66 2053 180 2118 Muso.
205 2051 291 2119 Sueo.
314 2073 343 2137 p.
371 2053 442 2133 101,
465 2055 488 2122 t.
512 2055 541 2135 7,
565 2055 586 2122 i.
613 2054 662 2121 ld.

11 2173 107 2240 luas.
136 2173 239 2240 Maso.
263 2175 335 2241 Hib.
380 2176 710 2245 luminalumina
755 2176 788 2243 C.
804 2179 938 2244 Muenna
960 2177 1088 2264 Synops.
1134 2178 1191 2244 Ba.
1215 2177 1248 2245 ot

64 2279 153 2345 scs.
180 2278 284 2362 Bryol.
306 2298 369 2346 eur.
392 2281 414 2346 l.
437 2299 463 2347 o.
507 2281 638 2348 Wnsou
659 2282 763 2366 Bryol.
787 2282 867 2348 Brit.

11 2421 123 2482 marm
158 2400 319 2466 aduaarm
349 2419 414 2468 var.
438 2403 592 2468 revolveos
615 2403 704 2468 Bsrn.
727 2403 832 2487 Bryol.
855 2403 937 2470 univ.
981 2402 1072 2470 Wrn.
1095 2405 1127 2470 et
1149 2403 1247 2469 Mosa

63 2506 149 2570 Bot.
174 2503 342 2572 Tasobenb.

38 2644 169 2710 Habe.
204 2643 236 2708 iu
258 2643 419 2726 paludibus
443 2646 599 2729 profundis
621 2665 714 2714 zonae
737 2647 985 2731 septentrionalis
1008 2666 1027 2714 a
1048 2647 1171 2732 regione
1192 2647 1240 2711 in-

12 2769 62 2814 ore
104 2765 210 2830 usque
238 2749 270 2813 in
303 2749 439 2832 alpinam
461 2750 539 2817 satis
561 2751 698 2834 copiose,
729 2770 820 2818 zonae
842 2751 1045 2818 indermodiae
1067 2751 1099 2816 in
1120 2751 1243 2835 regione

12 2857 112 2920 utana
165 2853 321 2934 superiore
356 2854 517 2937 subalpina
552 2858 585 2921 et
620 2856 740 2938 alpina:
788 2873 900 2938 magna
937 2855 1040 2938 oopia,
1085 2855 1139 2921 sed
1175 2872 1245 2920 raro

12 2959 66 3036 lle,
96 2957 136 3021 in
160 2953 292 3038 Alpibus
315 2957 396 3024 oboa
416 2957 568 3044 Eopodia
589 2959 779 3044 (Prnrrnn);
801 2958 1002 3040 puloberrime
1025 2959 1057 3022 in
1071 2957 1243 3042 Noruegiae

12 3061 113 3126 dosis
142 3059 237 3140 atque
259 3060 371 3142 alpinis
387 3061 466 3145 legi;
489 3081 506 3129 e
522 3061 629 3130 Suesia
650 3063 743 3144 etque
757 3062 924 3145 Lapponia,
945 3060 1098 3129 eSudetis
1112 3059 1244 3144 (Sauon-

12 3181 31 3244 l,
60 3185 81 3230 e
109 3162 214 3230 Jurao
237 3164 381 3232 turlaoois
404 3165 648 3250 (Lasounssux),
670 3184 705 3232 ex
723 3167 839 3251 Anglia
861 3165 1027 3251 (Wrnsou),
1050 3164 1169 3248 oopiose
1191 3182 1243 3230 ao·

15 3295 25 3343 3
65 3273 103 3336 in
132 3267 263 3333 tursosis
285 3270 398 3336 summi
418 3271 531 3357 Vogesi
554 3271 731 3354 (Mosaios,
753 3272 827 3337 Rev.
843 3272 994 3357 Bounsr),
1016 3271 1049 3336 in
1075 3267 1242 3353 Pyrenaeis

17 3373 195 3450 Sraucs),
222 3371 254 3436 in
285 3374 475 3458 Delphinatu
505 3394 551 3459 pr.
581 3374 751 3458 Roobofort
783 3376 870 3468 (lior.
893 3375 1051 3454 Rursum,
1080 3371 1120 3440 ad
1142 3373 1242 3438 Mort-

12 3483 100 3546 aim
126 3494 177 3560 pr.
195 3475 331 3545 Parisios
348 3477 507 3564 (Cossus),
529 3498 621 3564 prope
642 3480 715 3545 Viro
729 3478 936 3546 Normandise
960 3479 1022 3558 (Du
1037 3478 1240 3565 Bsnsrssou);

12 3580 165 3668 apponis
200 3582 348 3661 tornensi,
380 3583 412 3648 in
434 3583 572 3667 parooois
594 3583 765 3650 Euootelois
786 3584 918 3660 loetum,
947 3582 986 3648 ol.
1009 3581 1154 3647 Nossmu
1176 3597 1241 3647 ses-

13 3688 121 3756 edale
146 3683 246 3750 misit.
290 3685 327 3750 ln
348 3686 479 3771 Alpibus
501 3687 749 3755 meridionalibus
772 3689 871 3754 solum
894 3687 1014 3769 sterile,
1042 3685 1074 3750 in
1096 3704 1171 3752 aona
1192 3683 1239 3751 in·

13 3793 108 3858 radia
145 3787 248 3854 rarius
279 3787 380 3858 fertile
407 3793 557 3874 ocourrit,
588 3793 620 3858 iu
643 3811 718 3860 zoua
741 3791 973 3876 septentrionali
995 3791 1100 3858 eontra
1122 3789 1240 3856 frustm

13 3899 109 3964 rime
137 3891 267 3975 profert.

32 4017 162 4083 Fruar.
187 4021 303 4080 matur.
326 4017 462 4099 tempore
483 4017 611 4084 aestivo.

29 4164 146 4236 Stirps
182 4159 393 4234 pulcherrima,
425 4166 486 4222 tam
518 4163 668 4226 loliatione
690 4163 841 4238 eleganter
862 4161 1013 4238 pectinata
1035 4163 1065 4222 et
1088 4161 1238 4232 circinata,

16 4275 27 4310 ι
66 4249 173 4310 colore
209 4247 330 4309 dilutius
355 4251 572 4326 saturatiusque
601 4253 830 4326 purpurascente
860 4252 889 4308 ei
919 4247 1238 4308 samntio-lutosoente.

13 4339 71 4396 dit
107 4355 129 4395 a
154 4335 256 4394 formis
286 4335 432 4396 isloiioliis
460 4337 500 4395 H.
527 4338 670 4412 fluitantia
696 4336 773 4396 foliis
800 4335 1089 4396 flexuoso-oiroinstis
1111 4335 1237 4395 flexuoso

13 4427 97 4494 ndis,
124 4422 320 4497 longioribus,
335 4423 554 4496 subliuealibus,
577 4425 687 4499 apicem
705 4441 804 4484 uersus
820 4423 968 4499 pedentim
983 4423 1161 4497 angustatis,
1184 4440 1237 4482 an·

21 4531 65 4572 us
91 4513 126 4570 et
149 4509 272 4585 longius
289 4509 434 4581 amuletis,
457 4511 513 4571 reti
528 4511 591 4586 ipso
607 4511 701 4572 minus
716 4511 807 4584 tenui,
829 4509 1085 4586 poriohaetialibus
1107 4509 1238 4580 sulcatis,

14 4601 72 4658 ula
99 4596 248 4667 breviore,
270 4595 366 4656 minus
387 4597 473 4674 longo
496 4598 679 4674 pedioollata,
700 4598 760 4659 late
783 4591 933 4658 annrdata.

14 4725 141 4770 rainu.
158 4715 277 4770 synopsis·
305 4717 346 4760 nd.
360 4719 393 4759 11.
609 4719 612 4726 ’
992 4707 1026 4764 47
