3268 5218
608 321 780 380 Introductio.
1256 321 1328 382 XCV

442 497 517 566 Gen.
540 499 571 564 7.
615 499 935 566 Orthotheoium.

157 595 277 666 Plantae
297 602 469 684 prostratae
498 602 547 668 vel
576 605 716 682 erectae,
745 623 885 671 ramosae
906 605 956 671 vel
977 604 1199 688 subsimplioes.
1242 604 1332 671 Ilolia

93 697 165 782 longa
178 705 320 784 erostata,
343 706 412 788 plus
434 707 535 774 minna
557 708 689 785 omenta,
710 709 827 776 sericea
849 709 899 776 rel
920 709 1094 788 vernicosa,
1117 711 1184 775 tota
1206 709 1332 774 lineari-

103 804 210 872 nona
238 807 372 892 capsula
394 813 503 891 erecte,
525 813 635 879 leniter
657 815 786 880 onrvula
806 814 857 880 vel
880 813 1002 882 omnino
1025 815 1119 880 reeta.
1155 813 1333 880 Poristomii

105 903 340 1076 ffitenuiorss
362 915 488 997 pallidi,
509 935 670 1000 proeessns
692 919 888 1003 angustiores
910 919 1008 1004 longi,
1030 917 1134 984 oiliola
1155 917 1260 984 brevia
1282 917 1332 983 rel

439 1157 514 1226 Gen.
536 1158 568 1224 8.
613 1158 953 1226 Homalotheeium.

168 1254 270 1325 Plantae
289 1261 503 1341 robustiores,
525 1263 641 1347 partim
663 1264 827 1346 repentes,
851 1263 965 1347 partim
988 1263 1183 1348 assurgentes
1205 1263 1239 1328 et
1260 1263 1335 1328 sub·

111 1357 201 1436 eneae,
217 1381 353 1442 ramosae,
381 1384 458 1450 ruge
480 1367 670 1446 ramlosae,
692 1366 776 1433 loliis
799 1366 922 1433 serioeis
944 1367 1084 1445 soleatis,
1107 1365 1333 1446 tennioostatis,

113 1463 273 1542 mantunae
292 1470 583 1538 lineari-areolntie.
614 1469 762 1557 Calyptra
784 1472 964 1556 majuscula,
986 1472 1140 1538 interdum
1162 1471 1234 1556 pilis
1256 1472 1334 1538 raris

115 1560 227 1636 minsa
262 1573 401 1659 (lapsula
422 1576 455 1641 in
476 1577 622 1660 pedieello
642 1577 746 1643 ualido
767 1577 850 1644 laevi
871 1577 921 1644 vel
943 1576 1094 1661 papilloso
1109 1579 1220 1656 erecta,
1242 1594 1334 1661 regu-

116 1665 169 1732 lella
183 1673 218 1738 rel
232 1676 331 1745 lmiter
355 1681 495 1758 incurva,
520 1681 659 1764 operculo
681 1682 873 1748 brevirostri.
917 1682 1033 1748 Dentes
1055 1681 1258 1759 lutesoentes,
1280 1698 1336 1762 pa·

118 1786 166 1835 mm
182 1775 261 1860 solli,
287 1784 381 1849 intus
403 1783 606 1862 mobommai,
640 1803 798 1868 proeessns
820 1785 853 1850 in
875 1785 1053 1852 membrana
1074 1784 1201 1850 basiluri
1222 1801 1337 1868 angus·

116 1871 177 1954 illst
193 1881 269 1952 dola
288 1888 382 1954 nulla
405 1886 455 1954 vel
476 1889 546 1971 plus
568 1889 672 1954 minus
694 1889 829 1971 perfeeto
850 1938 1126 1954 ......
1170 1888 1249 1972 Pag.
1273 1885 1336 1953 632

451 2042 543 2109 Fam.
566 2043 632 2110 ΠΙ.
679 2043 950 2130 Cumptotteeioae.

166 2155 236 2226 Folia
255 2163 392 2248 undique
413 2165 567 2246 patentia,
590 2165 735 2244 scariosa,
756 2165 866 2244 nitida,
888 2166 1020 2244 costato,
1042 2164 1172 2244 sulcata,
1193 2165 1254 2230 reti
1268 2183 1337 2246 per·

100 2263 200 2338 angulo
217 2264 319 2333 lineari
341 2267 397 2332 vel
418 2269 624 2348 vermiculari,
646 2269 685 2336 ad
708 2271 837 2356 angulos
852 2270 1011 2352 quadrato.
1042 2267 1177 2353 Capsula
1193 2269 1337 2352 oblonga,

104 2375 203 2536 Ἥ
218 2368 291 2439 does
312 2373 678 2450 arenata-horizontalis;
705 2372 876 2456 peristomii
896 2373 1010 2439 interni
1031 2391 1192 2456 proeessns
1213 2373 1246 2438 ot
1267 2372 1340 2438 cilia

109 2477 136 2540 le
252 2525 1128 2545 .................
1172 2477 1250 2562 Pag.
1274 2475 1337 2543 635

479 2615 554 2682 Gen.
578 2615 922 2700 Gamptotheoium.

172 2725 278 2802 Halitus
300 2739 335 2805 et
359 2734 438 2802 folia
459 2737 696 2802 Homutotdreir'.
743 2736 876 2821 Capsula
904 2737 937 2801 in
967 2733 1116 2818 pedieello
1146 2753 1254 2820 aspero
1288 2733 1338 2800 vel

113 2820 167 2892 filli
181 2831 427 2919 homno-eornm,
449 2842 589 2923 operonlo
612 2842 793 2909 brerirostri
813 2841 864 2906 vel
888 2840 1001 2920 eonioo,
1023 2839 1202 2922 peristomio
1220 2839 1340 2904 interno

111 2927 164 2996 ulis
178 2933 262 3025 longis
281 2943 432 3028 persentis
453 2945 604 3011 instructo
637 2993 1129 3011 ..........
1174 2942 1251 3027 Pug.
1275 2941 1339 3007 635

458 3099 548 3164 Fam.
572 3100 632 3166 IV.
677 3099 946 3186 Braetyiheeieae.

166 3212 278 3286 Planus
298 3220 514 3306 irregulariter
535 3241 675 3289 ramosae
696 3224 729 3288 et
751 3221 937 3299 ramulosae,
958 3219 1135 3304 plerumque
1155 3218 1339 3302 prostratae.

114 3303 169 3380 fllia
185 3319 352 3408 plerumque
374 3323 507 3406 undique
522 3326 670 3409 potamia,
692 3325 1013 3392 esnbeordato-ovoto
1036 3323 1104 3406 plns
1126 3321 1227 3388 minus
1249 3323 1340 3404 longe

114 3419 256 3508 nonan,
278 3427 393 3494 areolis
416 3431 545 3514 anguste
567 3427 960 3513 hexagono-rhomboides.
990 3425 1123 3509 Capsnln
1144 3424 1178 3490 in
1192 3425 1340 3510 pedioello

114 3517 186 3604 milo,
205 3547 289 3616 saepe
312 3532 420 3599 scabro
443 3551 564 3610 oernna,
586 3533 798 3610 erassiosoula,
821 3531 1038 3608 solidineeula,
1061 3529 1201 3612 operonlo
1224 3528 1340 3594 tumide

112 3625 180 3694 ⁰lieo
196 3634 241 3700 rel
262 3636 331 3719 plns
353 3636 455 3702 minus
477 3637 569 3722 longe
590 3638 725 3703 rostrato
792 3682 1124 3701 .......
1169 3632 1247 3716 Pag.
1274 3629 1337 3697 637

479 3775 557 3842 Gen.
582 3777 611 3841 1.
655 3773 919 3859 Ptyohodinm.

167 3887 283 3961 Plantae
305 3896 611 3981 implero-demissae,
633 3916 781 3976 ramosae,
806 3894 1013 3978 subpinuatim
1034 3893 1216 3959 ramulosae.
1252 3888 1342 3955 Folia

110 3987 213 4062 amm
232 4001 264 4064 et
285 4002 431 4081 secunda,
454 4001 568 4084 pluries
590 4001 736 4084 profunde
759 4000 898 4078 sulcata,
925 3999 965 4064 ad
986 3997 1103 4081 apicem
1125 4014 1220 4078 usque
1242 3993 1341 4059 tenui-

110 4093 205 4176 ml&
224 4104 332 4170 areolis
353 4106 473 4172 brevius
496 4105 663 4172 linearibus
678 4105 717 4171 ad
732 4104 861 4189 angulos
877 4104 993 4170 minute
1008 4101 1175 4186 quadratis.
1206 4098 1339 4181 capsula

107 4207 189 4266 terrm
206 4207 237 4271 et
256 4206 464 4290 horizontalis,
493 4211 616 4295 turgide
638 4210 744 4277 ovalis.
789 4209 966 4274 Peristomii
988 4207 1094 4274 dentes
1115 4205 1200 4270 intus
1221 4202 1340 4268 densis-

107 4295 163 4366 lfflt
179 4307 209 4372 ti
227 4313 354 4394 augum
374 4313 534 4394 lamelleti,
559 4313 729 4391 solidiores,
753 4312 866 4378 interni
880 4313 1059 4378 membrana
1074 4309 1208 4394 angusta
1222 4306 1254 4372 in
1269 4325 1340 4388 pro·

106 4416 185 4472 ossus
203 4415 339 4494 pertusos
359 4418 515 4500 producta,
538 4418 643 4486 oiliola
665 4415 884 4484 rudimenturia
907 4463 1130 4480 .....
1173 4411 1251 4496 Peg.
1275 4407 1338 4475 637

444 4553 520 4624 Gen.
544 4556 574 4624 2.
617 4552 945 4640 Braehytheeium.

172 4662 292 4736 Plantae
311 4669 459 4742 demere
479 4675 530 4742 vel
552 4677 768 4760 assmgentes,
790 4671 1001 4756 irregulariter
1023 4687 1161 4832 ramlosae
1182 4667 1215 4732 et
1236 4685 1341 4732 ramn-

1115 4773 1133 4809 s
