3290 5214
657 339 833 396 Introductio.
1315 337 1394 396 nvn

108 515 246 580 tursaoeis
269 517 483 599 oooupantnr;
513 516 639 600 plantae
669 516 792 601 alpinae
816 516 990 601 promiscue
1012 535 1082 582 enm
1106 515 1261 582 montanis
1284 513 1393 582 floram

112 619 144 682 ut
163 618 207 683 ita
228 618 331 685 dicam
355 619 578 685 transitoriam
600 619 771 686 offormaut.

187 721 317 787 Limites
347 723 484 807 hujusne
513 723 650 807 regionis
677 724 851 807 superiores
880 723 913 788 in
935 723 1064 806 Alpium
1087 724 1191 788 tractu
1214 721 1265 786 vir
1288 722 1393 788 orante

110 822 322 890 determinandi
346 827 435 904 sunt,
459 825 532 908 quia
555 826 680 909 plantae
699 826 835 912 regionis
851 825 1020 910 superioris
1035 843 1115 908 aqua
1129 824 1292 902 defluente,
1315 823 1395 908 lapi-

110 923 189 990 dibus
210 931 241 992 et
262 929 359 994 terris
383 929 602 996 delabentibus
625 929 664 994 ad
687 929 834 996 inferiora
857 929 926 996 looa
948 930 1127 994 trahuntur.
1173 927 1209 993 In
1221 927 1306 1013 jugis
1322 947 1394 994 oon-

112 1030 155 1092 tra
175 1031 211 1096 ab
232 1033 367 1116 Alpibus
392 1032 601 1111 distantibus,
636 1033 727 1097 utin
750 1033 874 1117 Vogeso
898 1034 930 1098 et
953 1031 1154 1117 Sylva-nigra
1176 1030 1392 1114 superioribus,

113 1131 279 1200 nunonis
302 1139 336 1201 et
360 1136 525 1220 Carpatis,
552 1136 637 1221 regio
669 1136 833 1219 subalpina
865 1136 913 1200 vel
947 1134 1093 1218 alpestris
1125 1133 1204 1200 faeie
1227 1133 1393 1218 vegetabili

114 1237 225 1318 propria
245 1238 374 1322 gaudet,
399 1238 543 1322 quamvis
563 1257 733 1322 perpaucae
756 1238 807 1304 uel
830 1238 934 1303 nullae
956 1237 990 1302 in
1006 1255 1041 1302 ea
1057 1237 1251 1320 reperiantur
1266 1235 1392 1320 speeies,

113 1357 182 1422 qnae
195 1343 247 1406 aut
260 1341 293 1406 in
309 1344 464 1408 montana
479 1343 579 1407 autin
596 1343 700 1427 alpina
714 1341 936 1421 desiderentur,
961 1359 1054 1425 quam
1070 1342 1109 1407 ob
1126 1359 1192 1406 rein
1207 1339 1301 1407 iacies
1316 1341 1393 1406 haee

114 1445 263 1525 peculiariis
284 1447 368 1510 nihil
392 1445 480 1510 aliud
501 1447 559 1524 est,
583 1465 675 1530 quam
697 1447 793 1513 faoies
816 1446 956 1531 hybrida,
980 1465 997 1512 e
1018 1444 1097 1511 faeie
1119 1445 1286 1530 vegetabili
1306 1461 1394 1510 mon-

115 1545 179 1612 tana
200 1549 289 1632 atque
311 1550 422 1633 alpina
445 1550 625 1634 composita.

191 1649 311 1734 Species
341 1653 510 1736 sequentes
538 1651 764 1720 habitationem
799 1653 995 1738 subalpinam
1027 1653 1180 1719 montium
1202 1650 1241 1716 ab
1263 1649 1393 1736 Alpibus

116 1751 286 1820 manlium
309 1775 388 1840 prae
411 1755 544 1822 caeteris
565 1755 723 1842 deligunt:

175 1856 305 1923 Brachia
328 1858 504 1943 vogeaiaea
832 1859 1058 1926 Raoomitrium
1079 1859 1201 1952 patens,
1268 1847 1272 1854 ’

173 1960 400 2046 Cynodoutium
422 1961 633 2048 polycarpum.
975 1962 1159 2038 rodaticum,

174 2065 420 2151 Anoeotangium
443 2067 648 2150 compactum.
974 2068 1165 2151 protensum,

172 2167 347 2234 Dioranella
369 2169 508 2247 ennato,
973 2170 1165 2247 fasciculare,

313 2273 515 2352 cerviculata,
974 2275 1209 2358 miorooarpum.

317 2395 493 2460 squamosa.
830 2378 962 2446 Webera
985 2379 1097 2444 nutans
1119 2395 1183 2442 var.
1206 2376 1334 2454 bioolon

174 2477 339 2544 Dicrauum
362 2479 492 2558 Starkii,
660 2523 671 2538 ·
975 2482 1175 2548 commutata

316 2583 527 2668 longilolium,
831 2585 932 2650 Zieria
951 2585 1083 2668 julaeea.

318 2687 453 2766 Santoni,
830 2689 949 2775 Brynm
971 2689 1118 2772 capillata
1145 2707 1209 2754 var.
1233 2687 1393 2770 Ferehelii,

318 2791 467 2870 albicans,
974 2792 1112 2870 Dnvalii,

317 2895 509 2980 elongatum,
974 2895 1103 2978 pallens.

318 3001 501 3084 congestum
546 3018 610 3064 var.
653 2998 740 3064 floxi-
830 2999 953 3065 Mnium
975 2999 1142 3082 spinosum,

363 3103 462 3181 caule,
975 3104 1267 3189 orthorrhynohnm.

318 3205 560 3284 Mublenbeokii‚
831 3208 1008 3274 Bartramia
1030 3207 1219 3293 ithypbyila,

320 3307 492 3374 Sohuaderi.
975 3312 1169 3397 pomilormis
1194 3329 1259 3376 var.
1283 3307 1393 3392 erispa,

179 3408 386 3496 Campylopns
409 3410 585 3478 Schwaraii.
975 3415 1165 3480 Halledana.
1362 3401 1378 3428 ⁰

180 3514 302 3582 Blindia
324 3519 426 3582 acuta.
834 3518 1010 3585 Philonotis
1033 3516 1171 3584 lontam.

180 3619 373 3706 Anamlypta
394 3620 538 3688 latifolia.
833 3621 1061 3708 Oligotriobnm
1085 3619 1293 3705 hercynioum.

180 3721 312 3789 Barbula
334 3726 487 3803 tortuosa,
833 3727 1031 3811 Pogonatum
1051 3724 1206 3808 alpinum.-

320 3829 487 3914 aoipbplla.
832 3825 1160 3909 Andrela'rupostris,

182 3929 353 4017 Eumlppta
375 3933 596 4017 rbabdooarpa,
976 3930 1101 3996 falsata

322 4037 499 4122 longicolla.
833 4035 1019 4120 Diobelyrna
1041 4033 1200 4099 falcatum.

183 4139 415 4224 Amphoridium
436 4139 646 4224 lapponieum,
833 4137 1061 4206 Pseudoleskea
1083 4135 1279 4202 atro-virens.

321 4243 504 4328 Mougeotii.
835 4240 1074 4309 Ortbotheoium
1095 4238 1287 4316 intricatum,

186 4342 331 4410 Grimmia
353 4347 509 4430 torquata,
978 4341 1142 4410 rufesoens.

324 4449 424 4526 ovata,
834 4445 1113 4532 Pterigynandrum
1136 4443 1289 4522 filiforme,

324 4553 494 4631 Donniana,
834 4550 1082 4637 Plagiotbeoium
1104 4547 1279 4626 nitidulum,

326 4657 477 4722 contorta.
978 4651 1212 4730 denticulatum
