3334 5254
282 315 345 382 822
787 355 789 360 .
820 311 1015 367 Andreacccaa

281 491 357 556 dem
378 507 470 574 prope
491 489 577 554 nives
599 487 722 571 copiose
743 487 860 570 lapides
881 485 1013 570 majores
1034 485 1226 554 densissimis
1253 487 1422 570 pulvinnlis
1445 487 1554 555 ornans

281 594 540 678 (amonemur),
575 592 607 657 iu
629 591 802 675 Lapponiae
835 591 963 674 pitensis
986 590 1065 674 Alpe
1092 592 1236 676 indtjct·
1267 593 1305 658 ad
1327 594 1413 658 niuea
1436 595 1555 676 (thmu-

281 699 386 782 ssaa),
408 698 441 762 in
460 698 531 779 Alp.
547 697 640 762 Naso
662 697 737 779 (Ax.
753 697 857 760 Burro
873 697 905 760 et
919 696 1073 780 Annus),
1095 696 1125 760 in
1141 697 1234 779 Alpp.
1258 697 1465 782 Morsfjdllm
1479 699 1555 780 Imp

281 801 389 884 poniac
411 801 544 867 umensis
566 801 776 884 (Anderson),
798 799 831 864 in
853 820 894 865 m.
919 792 1106 865 Saccbdttan
1126 800 1292 886 (120an
1316 801 1555 886 Zsrrunsruurp,

281 907 313 971 in
335 905 525 972 Nordlandia
547 905 622 988 (Ax.
644 905 770 987 Burro).

367 1011 476 1076 Fruct.
499 1017 615 1075 matur.
638 1011 766 1075 aestate.

368 1139 476 1199 Planta
497 1139 665 1215 elegantnla
687 1137 786 1196 formis
808 1135 968 1195 minoribus
983 1136 1080 1195 Assar.
1096 1140 1306 1197 maseiaesnice
1327 1139 1408 1200 baud
1431 1141 1556 1200 dissimi·

282 1228 328 1301 lis,
350 1228 429 1288 notis
450 1244 540 1302 supra
562 1227 663 1286 relatis
686 1226 783 1285 autem
806 1223 997 1297 pulcherrime
1021 1224 1169 1284 distincta

718 1437 768 1491 la.
802 1435 960 1492 Andreae
980 1435 1117 1492 nivalis.

754 1540 847 1598 Hoou.
869 1538 954 1599 Linn.
976 1541 1078 1600 Trans.

368 1673 472 1757 Longe
505 1671 626 1754 lateque
656 1671 845 1754 caespitosa;
878 1671 1027 1754 caespites
1049 1671 1242 1751 condensati,
1275 1671 1405 1751 molles,
1438 1671 1558 1738 sordide

283 1777 515 1855 hisco-virides,
546 1794 628 1841 nunc
658 1775 791 1858 depressi
823 1793 901 1840 nnnc
931 1777 1007 1841 elati
1030 1778 1062 1841 et
1083 1777 1297 1842 tumescentes.
1343 1775 1449 1842 Cauiis
1472 1777 1558 1843 elon·

282 1886 385 1968 gatus,
408 1882 529 1962 tenuis,
552 1881 715 1960 flaccidus,
738 1881 1005 1956 flexuoso-erectus
1028 1882 1077 1946 vel
1100 1901 1116 1946 e
1138 1881 1206 1946 basi
1229 1882 1430 1948 decumbente
1451 1900 1559 1948 ascen·

282 1987 375 2066 dens,
409 1986 523 2068 pluries
551 1984 724 2051 dichotome
756 1984 1089 2069 fastigato-ramosus,
1119 1983 1255 2068 apicibus
1283 1985 1558 2051 falcato-incursis.

283 2091 370 2157 Folia
391 2089 670 2170 falcato-secunda,
693 2109 802 2173 parum
825 2089 978 2170 conferta,
1009 2091 1135 2169 mollia,
1157 2089 1302 2156 inleriora
1324 2090 1559 2156 innovatiouum

282 2195 402 2262 minora
424 2194 723 2274 ovato-lanceolata,
754 2193 908 2276 superiora
936 2213 971 2259 er
994 2195 1127 2278 oblonga
1149 2194 1216 2260 basi
1238 2196 1353 2260 sensim
1375 2194 1560 2272 lanceolata,

283 2301 382 2378 acuta,
404 2300 491 2365 costa
512 2300 643 2383 angusta
666 2298 814 2364 subtereti
836 2297 954 2381 apicem
976 2299 1171 2384 pertingente
1192 2298 1353 2374 instructa,
1376 2299 1460 2365 basis
1477 2319 1561 2366 mar-

283 2405 354 2489 gine
377 2405 493 2470 remote
515 2404 686 2487 papilloso,
710 2403 804 2486 apicis
827 2404 950 2469 sinuoso
973 2406 1005 2470 et
1027 2422 1134 2482 eroso,
1167 2405 1295 2487 utraque
1318 2403 1432 2488 pagina
1454 2422 1562 2486 grosse

283 2509 443 2591 papillosa,
466 2527 571 2591 opaca,
594 2509 652 2574 reti
674 2509 790 2573 laxiore
812 2527 866 2590 per
887 2509 988 2573 totum
1010 2508 1117 2574 folium
1139 2509 1296 2590 quadrato.
1326 2508 1459 2573 Plantae
1476 2528 1562 2572 mas-

283 2613 368 2678 culae
390 2613 421 2678 in
444 2613 628 2697 caespitibus
650 2613 781 2697 propriis
802 2612 962 2697 degentes,
984 2613 1124 2678 femineis
1147 2614 1237 2696 paulo
1259 2613 1455 2698 graciliores;
1479 2613 1562 2695 peri·

283 2715 376 2802 genia
397 2735 510 2797 crassa,
532 2717 721 2802 polyphylla,
744 2716 872 2794 rebella,
895 2716 978 2782 loliis
999 2719 1087 2782 arcte
1107 2717 1289 2796 imbricatis,
1311 2716 1444 2784 externis
1460 2722 1562 2781 costa·

283 2821 336 2900 tis,
359 2820 487 2885 internis
510 2821 656 2886 sensiatis
672 2820 796 2903 pulchre
816 2821 975 2899 aurantiis,
999 2822 1180 2888 antheridiis
1196 2822 1364 2887 numerosis
1380 2821 1563 2906 longissime

284 2924 485 3009 pedicellatis,
508 2919 733 3008 paraphysibus
755 2925 947 3010 longioribus
970 2926 1202 2992 lutescentibns.
1247 2925 1395 3008 Calpptra
1421 2925 1561 2989 minima

283 3029 469 3095 Perichaetii
491 3030 590 3112 aperti
611 3028 686 3094 lolia
707 3029 832 3094 externa
853 3029 982 3094 caulinis
1004 3029 1129 3107 similia,
1153 3030 1273 3096 interim
1295 3028 1563 3114 elongato-lingo·

284 3134 349 3199 lata
371 3133 410 3199 ad
431 3133 549 3215 apicem
571 3152 665 3215 usque
687 3131 934 3212 tereti-costata,
967 3133 1056 3199 valde
1084 3134 1255 3216 papillosa,
1292 3135 1387 3216 apicis
1419 3135 1561 3216 margine

285 3238 375 3322 longe
396 3237 548 3320 papilloso
571 3239 604 3302 et
625 3255 721 3302 eroso.
766 3235 900 3319 Capsnla
920 3238 953 3303 in
975 3237 1177 3320 pscudopodio
1193 3237 1396 3304 crassinsculo
1420 3237 1563 3302 siccitate

286 3341 496 3408 sinistrorsum
519 3341 601 3407 torto
624 3341 753 3417 exserte,
778 3340 1025 3426 orato-oblonga,
1048 3341 1126 3406 collo
1150 3341 1193 3407 sic
1214 3341 1296 3407 dicto
1318 3343 1442 3408 omnino
1467 3341 1563 3411 nullo.

286 3447 324 3512 ad
360 3445 449 3511 basin
484 3463 581 3528 usque
618 3443 749 3510 valvulis
786 3440 871 3509 4-6
900 3443 1074 3522 dehiscens,
1111 3443 1251 3510 siccitate
1285 3443 1373 3510 ualde
1405 3443 1563 3526 copreae

285 3546 829 3633 Bmmmssffiffi

287 3690 441 3754 Aadrcdc
461 3688 577 3752 nivalis
599 3687 699 3752 Hoou.
721 3685 753 3750 in
774 3685 864 3750 Linn.
888 3687 996 3751 Trans.
1020 3687 1060 3764 X,
1082 3705 1112 3768 p.
1136 3685 1209 3765 395,
1232 3687 1256 3752 t.
1280 3685 1331 3766 31,
1355 3683 1426 3764 ll,
1450 3693 1484 3752 ct
1499 3707 1566 3753 orn·

394 3792 480 3856 nium
501 3791 712 3857 recentiorum.

373 3929 482 3995 Habit.
506 3931 545 3995 ad
568 3949 640 3996 saxa
664 3933 695 3995 et
718 3949 807 4012 rupes
831 3949 912 4012 aqua
934 3929 1029 3995 niuali
1052 3929 1202 4008 irrorate,
1224 3929 1257 3995 iu
1278 3931 1410 3996 summis
1432 3933 1565 4015 Alpibus

288 4035 419 4115 Scotiae,
436 4035 665 4114 Scandinaviae,
680 4035 842 4100 Helvetiae
857 4052 954 4115 usqne
969 4033 1001 4098 in
1016 4031 1216 4113 carinthiam,
1238 4034 1270 4098 in
1285 4035 1466 4118 Pyrenaeis,
1490 4037 1565 4102 sata

286 4140 418 4224 copiose:
440 4141 473 4205 in
494 4140 618 4232 Helffvet.
641 4159 683 4205 m.
702 4139 839 4205 Grimscl
862 4157 954 4221 supra
968 4137 1157 4221 Hospitium,
1180 4137 1213 4203 in
1227 4157 1270 4204 m.
1287 4139 1430 4223 Siraplon
1447 4145 1481 4206 et
1496 4141 1562 4224 plu·

286 4247 369 4312 ribus
392 4246 461 4312 aliis
483 4247 556 4311 locis
579 4246 659 4330 legi3
691 4245 724 4311 in
746 4244 936 4329 Salisbnrgia
969 4243 1137 4328 (Sauras),
1168 4243 1200 4308 in
1229 4243 1304 4327 jugo
1334 4243 1566 4313 Velberroam.

288 4350 446 4434 Pinzpao,
467 4349 500 4413 in
516 4349 621 4414 illecto
638 4349 717 4414 Solle
733 4349 852 4432 Tyrolis
868 4347 974 4414 merid.
991 4347 1176 4433 (Loussrz);
1200 4348 1339 4430 pluribus
1355 4349 1432 4414 locis
1448 4355 1482 4414 et
1496 4351 1562 4433 pul-

289 4453 440 4520 cherrima
462 4453 494 4519 in
516 4453 588 4535 hlp.
612 4453 754 4536 styriaeis
787 4451 990 4539 (Bassania);
1025 4451 1056 4516 in
1077 4451 1232 4536 Norvegia
1253 4451 1402 4518 occident.
1425 4455 1565 4538 (Burrus

289 4559 320 4624 in
342 4580 384 4625 m.
408 4559 595 4642 Doorcfjeld
617 4559 655 4624 ad
678 4557 784 4642 pedem
805 4578 847 4624 m.
871 4558 1058 4624 Saceba'tttca
1079 4557 1112 4622 in
1132 4556 1240 4622 rivulis
1264 4577 1282 4622 a
1304 4557 1375 4623 nive
1399 4557 1563 4640 liquefacta

289 4665 384 4742 ortis3
406 4664 439 4730 in
462 4683 573 4729 summ.
597 4663 825 4748 Pyrcnacorum
846 4664 925 4728 Pori
948 4665 985 4728 dc
1007 4663 1165 4748 Vdaospuc
1187 4663 1339 4748 (Densus)
1359 4665 1392 4729 st
1409 4664 1489 4730 Pori
1504 4665 1563 4728 ‹lh›
