3290 5214
631 231 806 304 lntrcdnctic
1296 235 1368 304 xm

246 445 269 519 5.
292 445 319 508 3.
355 451 395 508 lle
417 449 520 508 dorum
543 445 691 509 involucro
714 465 869 523 eorumque
892 442 1027 522 partibus
1050 445 1228 506 accessoriis.

184 595 283 662 Flores
309 597 483 664 bisexuales
514 615 569 662 nec
597 615 659 662 non
685 595 809 662 feminei
832 614 955 680 semper
976 593 1060 661 loliis
1083 595 1214 679 propriis
1237 596 1367 663 caulinis

109 698 260 766 minoribus
280 705 435 767 ceetenrm
458 700 614 766 similibus
637 701 728 784 inque
749 701 939 784 gemmulam
964 699 1118 784 congestis
1135 699 1321 766 involucrati
1336 703 1369 766 et

110 803 217 870 omnino
237 805 405 873 absconditi
428 809 511 871 sunt
556 805 673 870 intima
686 804 796 871 borum
813 802 962 870 loliorum
977 802 1214 870 involucralium
1231 804 1368 884 minima,

111 905 288 990 inexplicata,
321 930 452 976 unacum
482 909 603 976 fructus
637 907 812 975 evolutione
842 909 996 992 augentur
1017 905 1155 991 illudque
1176 907 1367 975 involucrum

111 1011 244 1093 peculiam
273 1015 341 1099 plus
370 1015 472 1080 minus
506 1014 703 1098 conspicuum
735 1012 888 1089 efficiunt,
923 1011 1002 1094 quod
1036 1011 1159 1076 nomine
1181 1012 1370 1096 pericbcetii

112 1115 181 1198 (nepa
200 1119 229 1181 et
249 1145 349 1206 χαιτη,
373 1119 456 1183 circa
480 1119 594 1200 setam)
617 1117 638 1180 i.
651 1135 676 1180 e.
700 1116 851 1182 involucri
874 1119 973 1181 setam
996 1135 1049 1182 seu
1071 1117 1214 1200 capsulae
1236 1117 1368 1202 pedicel-

112 1218 166 1282 lum
186 1221 462 1308 circumcingentis;
496 1241 603 1288 ornnes
625 1220 688 1286 iere
710 1219 860 1306 Brpologi
883 1219 1103 1304 periohaetium
1128 1220 1187 1287 boc
1209 1240 1279 1286 cum
1302 1221 1368 1306 ipso

113 1321 248 1392 involucro
269 1325 368 1392 lloreli
390 1327 661 1393 commutaverunt
683 1326 716 1391 et
738 1323 776 1390 ed
798 1323 881 1389 diem
905 1325 1106 1390 commutant.

185 1427 227 1492 lle
246 1449 327 1495 error
348 1429 547 1496 continuetur
564 1429 769 1514 pce-igynium
792 1427 951 1494 nominari
977 1428 1185 1508 involucrum,
1215 1430 1296 1514 quod
1318 1451 1368 1500 or-

113 1547 180 1612 gana
200 1530 333 1610 leminea,
352 1534 567 1618 porigamicm
590 1532 670 1617 quod
692 1533 748 1598 illa
771 1533 932 1616 utriusque
955 1551 1044 1598 serras
1067 1533 1207 1612 includit,
1229 1553 1266 1600 se
1282 1537 1368 1620 pere

113 1634 224 1713 geomeo
243 1635 386 1703 foliorum
411 1635 533 1721 cyclum
557 1635 728 1719 simplicem
750 1637 801 1703 vel
827 1637 1050 1722 multiplicem,
1083 1637 1136 1721 qui
1163 1638 1249 1705 vario
1278 1640 1367 1708 modo

114 1754 212 1819 organa
240 1739 373 1806 mascula
402 1739 629 1824 circumcingit.
674 1741 889 1808 Femineorum
920 1742 1011 1824 atque
1033 1741 1235 1807 bisexualium
1260 1742 1369 1810 florum

114 1837 248 1909 involucra
269 1844 384 1910 similia
406 1846 481 1910 sunt
504 1845 536 1908 et
558 1844 680 1908 tautum
703 1844 918 1932 magnitudine
931 1845 1053 1912 diuersa
1073 1845 1173 1930 primo
1188 1846 1305 1912 interitu
1319 1848 1371 1915 hic

112 1941 167 2009 illic
185 1945 322 2034 distingui
345 1951 488 2032 possunt,
511 1949 669 2033 perigenis
691 1951 794 2016 eutem
818 1949 858 2015 ab
880 1948 1019 2032 utrisque
1042 1951 1074 2014 et
1102 1950 1316 2034 magnitudine
1337 1955 1372 2019 et

112 2047 196 2114 lorma
215 2053 245 2116 ut
267 2055 298 2118 et
320 2053 468 2120 lolicmm
493 2053 776 2137 circumscriptione
798 2057 832 2120 et
854 2052 958 2120 indole
979 2054 1048 2122 toto
1071 2055 1156 2122 coelo
1178 2053 1306 2122 distant.

185 2171 305 2257 Organis
333 2174 510 2239 serualibns
541 2175 719 2258 plerumque
748 2175 930 2242 intermixta
969 2176 1163 2260 reperiuntur
1200 2177 1369 2258 filamcnta,

112 2275 195 2357 septis
228 2279 406 2344 transversis
444 2280 637 2362 intercepte,
669 2280 872 2364 poropbyscs
905 2280 944 2344 ab
971 2280 1131 2366 Hedwigio
1162 2281 1368 2362 denominate,

111 2397 222 2459 quarnm
244 2383 326 2467 copia
349 2404 404 2468 pro
428 2383 601 2467 specierum
625 2384 752 2460 ratione,
776 2385 808 2448 et
831 2383 933 2448 torma
955 2403 1010 2467 pro
1033 2381 1089 2449 illa
1104 2403 1203 2462 seram,
1226 2384 1369 2454 differen-

111 2479 162 2544 tias
181 2483 211 2547 in
231 2487 383 2569 speciebus
405 2487 544 2571 ipsisque
567 2487 726 2572 generibus
757 2487 957 2554 instituendis
987 2487 1069 2554 baud
1091 2491 1274 2573 spernendas
1297 2511 1369 2578 sup-

183 2691 346 2762 lilamente
369 2698 447 2762 baec
470 2697 511 2760 ab
533 2696 603 2761 aliis
625 2696 774 2762 botanicis
797 2715 853 2779 pro
876 2695 1031 2773 nectariis,
1055 2697 1093 2761 ab
1112 2697 1185 2762 'eliis
1208 2719 1263 2782 pro
1278 2699 1369 2768 lolio-

112 2809 167 2856 rum
187 2795 389 2864 abortivorum
414 2798 600 2864 rudimentis
623 2799 671 2863 vel
693 2819 748 2882 pro
771 2800 977 2866 radiculemm
1001 2801 1099 2866 initiis
1118 2801 1278 2868 habentur.
1309 2801 1368 2870 Sed

112 2893 180 2962 lsnd
200 2903 283 2984 patet
304 2922 365 2987 quo
384 2904 473 2986 jure,
497 2921 591 2986 quum
615 2921 670 2968 nec
692 2903 826 2970 indolem
850 2905 882 2968 et
902 2905 1046 2968 naturam
1069 2905 1291 2984 nectariomm,
1313 2927 1368 2974 nec

112 2997 312 3086 dissepimenta
333 3005 459 3090 obliqua
483 3005 704 3082 radiculamm,
737 3027 793 3074 nec
816 3006 946 3090 denique
967 3007 1201 3092 dispositionem
1223 3010 1367 3076 loliorum

110 3107 262 3188 regularem
278 3111 458 3186 exhibeant;
483 3110 686 3194 parapbyscc
709 3115 791 3187 sunt,
816 3113 851 3175 ut
873 3111 1050 3196 Hedwigius
1072 3131 1107 3176 ea
1126 3113 1300 3195 J'ustissime
1316 3135 1369 3182 vo-

111 3211 160 3280 tet
180 3213 199 3276 i.
220 3234 246 3278 e.
269 3215 419 3299 producta
441 3215 614 3282 accessoria
638 3234 714 3297 quae
736 3216 768 3279 in
792 3214 917 3297 plantis,
941 3234 1016 3297 quas
1038 3213 1237 3298 perfectiores
1252 3216 1368 3296 dicunt,

112 3313 182 3378 nulls
202 3321 331 3404 analoga
352 3319 479 3384 habent.

183 3421 225 3486 De
241 3423 480 3508 pcrapbpeium
504 3423 535 3488 in
556 3424 733 3490 Muscorum
758 3423 935 3488 oeconomia
958 3442 1015 3488 usu
1038 3424 1131 3506 atque
1146 3424 1285 3490 utilitate
1299 3426 1371 3492 Bri·

111 3515 193 3588 delius
212 3529 334 3593 assueto
357 3527 499 3592 acumine
519 3526 653 3610 judicat:
681 3525 773 3604 ,Cum
799 3546 870 3591 vero
894 3527 995 3592 omnia
1017 3526 1246 3610 dissepimentis
1268 3529 1370 3596 trans-

112 3627 276 3708 semibus,
308 3649 386 3714 quae
415 3629 514 3696 basim
546 3649 653 3694 versus
681 3631 783 3712 spatio
811 3630 921 3696 minori
954 3631 1034 3696 inter
1064 3651 1096 3696 se
1128 3631 1246 3698 distant
1274 3634 1371 3701 inter-

112 3725 245 3809 cipiantur
267 3735 299 3800 et
321 3735 442 3819 liquore
463 3733 595 3817 quodam
619 3733 836 3816 limpidissimo
858 3734 949 3816 plena
973 3735 1143 3812 videantur,
1167 3739 1199 3802 et
1213 3737 1306 3802 simul
1321 3742 1370 3804 at-

112 3847 158 3909 que
176 3837 320 3903 antherae
343 3837 447 3904 officio
470 3835 609 3904 masculo
630 3834 792 3902 deiunctae
814 3835 928 3901 fuerint
950 3838 1158 3903 emarcescant
1180 3840 1212 3903 et
1235 3859 1371 3907 corrum-

111 3939 223 4016 pantur,
255 3940 335 4004 nihil
370 3940 476 4005 obstat
506 3939 696 4021 quominus
725 3937 780 4003 illa
810 3939 989 4022 corpuscula
1012 3959 1067 4023 pro
1090 3941 1236 4007 nectariis
1259 3945 1370 4027 speciei

112 4040 471 4119 commisceantur,
500 4043 566 4108 sive
587 4043 730 4107 utriculis
754 4059 774 4108 a'
794 4043 971 4126 providente
995 4046 1105 4109 natura
1127 4046 1164 4110 ad
1188 4065 1257 4110 eum
1279 4047 1372 4116 linem

111 4137 272 4224 dispositis,
306 4149 343 4211 ut
374 4146 495 4230 liquore
518 4165 579 4228 quo
601 4147 729 4230 turgent
750 4146 900 4231 genitalis
922 4149 1031 4230 quibus
1053 4147 1147 4216 denso
1170 4149 1291 4234 agmine
1313 4154 1372 4220 cir·

111 4247 249 4313 cumstent
280 4251 430 4334 perpetuo
469 4247 642 4312 madefacta
671 4267 690 4312 a
722 4248 811 4314 noxia
842 4249 980 4316 siccitate
1009 4250 1227 4330 defendantur,
1258 4253 1372 4340 illaque

111 4341 293 4418 humiditatis
316 4353 417 4437 gradu
440 4371 564 4434 semper
586 4351 728 4417 truantur
750 4353 816 4418 sine
831 4373 890 4437 quo
907 4355 1030 4438 pollinis
1047 4355 1181 4440 explosio
1197 4359 1373 4428 nullatenus

111 4453 253 4520 tmcedere
276 4457 392 4540 potest.
438 4451 580 4520 blandem
608 4453 646 4518 ob
677 4473 800 4520 causam
828 4456 958 4523 lemures
988 4457 1139 4543 genitalia
1167 4459 1283 4527 talibus
1304 4465 1373 4531 fila-

111 4557 209 4622 mentis
229 4560 368 4626 succosis
391 4557 514 4644 stipete
538 4555 744 4636 inueniuntur,
768 4559 832 4624 sine
855 4577 983 4643 quorum
1005 4559 1119 4626 amilio
1141 4561 1310 4633 dessiccate
1324 4571 1373 4638 at-
