3290 5214
656 273 831 338 htednete.
1346 273 1390 339 ill

123 455 363 525 nmerodseima
398 457 596 542 reperiuntur
626 455 665 522 ad
696 456 814 522 radices
848 455 1125 533 Dimadmrmo,
1161 453 1389 540 Hortulorum,

123 563 356 644 Grimmr'cnm,
379 563 542 646 Βνγοηιηι
564 581 590 626 e.
614 579 655 626 m.
680 561 738 638 al,
769 579 829 644 quo
852 559 891 624 iit
920 561 958 624 nt
987 559 1100 643 stirpes
1130 577 1206 642 quas
1234 560 1267 626 in
1297 563 1390 644 sexis,
1467 577 1474 590 ·

122 668 213 733 mods
234 666 550 742 remeatremeat,
574 683 696 748 semper
717 682 898 748 semperque
920 661 1113 728 eradicitus
1136 663 1266 730 residuis
1288 683 1391 732 resur·

122 773 192 854 ou
206 771 233 834 *-

200 874 388 952 Gemmnlse,
411 893 490 958 qnae
512 893 530 939 e
551 873 699 939 soliorum
720 871 825 937 axillis
840 873 921 956 Brys‘
936 872 1082 935 commisi
1104 873 1279 954 erumpunt,
1303 872 1391 956 plen·

122 979 198 1043 tuias
219 999 314 1045 novae
336 979 515 1055 eiiormant;
547 971 687 1063 granula,
712 995 789 1061 qnae
811 977 844 1042 in
870 977 1152 1042 Aaiocomrvv'oram
1174 975 1391 1064 psendcpodiis

124 1083 273 1149 emmeles
296 1083 366 1150 iilos
389 1082 623 1167 pulverulentos
639 1079 771 1165 lingunt,
794 1079 962 1146 lenticulae
977 1099 1056 1164 qnae
1070 1081 1152 1166 apud
1171 1081 1391 1166 Tetrcpbidem

123 1187 276 1271 cutbulcs
298 1207 315 1253 e
335 1187 423 1253 loliis
445 1185 626 1252 deformatis
649 1184 808 1270 eleganter
830 1185 1018 1268 compositos
1048 1184 1197 1269 implent,
1231 1185 1391 1252 flunmen

123 1291 179 1354 ista
198 1287 395 1357 solidiuscula
417 1287 639 1365 iusccscentia,
672 1307 749 1371 quae
780 1289 933 1372 epaginn
956 1289 1005 1354 vel
1028 1308 1044 1354 e
1067 1291 1171 1354 costae
1194 1287 1391 1356 extremitate

126 1391 395 1475 Odtotricdorum,
420 1392 730 1476 svnecpoooncevm
745 1391 953 1474 egrediuntur,
978 1391 1132 1458 radiculae
1146 1391 1290 1476 pallidae,
1313 1409 1391 1476 quae

124 1495 288 1576 plantarum
308 1497 430 1580 apicem
453 1495 630 1578 leurobrya'
650 1494 759 1579 plauci
781 1494 915 1560 obruunt
935 1494 1115 1578 caulemque
1137 1495 1309 1562 multorum
1331 1495 1391 1560 Di·

124 1617 281 1664 crooorum
300 1601 444 1666 tomento
461 1599 621 1682 obtegunt,
645 1597 758 1662 ramuli
772 1596 907 1681 solioque
920 1597 1058 1676 decidua,
1081 1599 1157 1666 haec
1173 1599 1275 1666 omnin
1289 1600 1392 1666 locum

124 1701 263 1766 minans
284 1703 392 1772 tenent
414 1705 511 1786 atque
533 1702 712 1786 plantarum
732 1699 1025 1784 multiplicationem
1046 1703 1215 1787 plurimum
1226 1703 1391 1786 juvene-¹.

691 1930 762 2011 dap.
784 1929 817 1996 ΙΙ.

539 2093 589 2162 De
617 2096 833 2180 vegetationis
860 2095 999 2180 organis

608 2247 634 2318 9.
659 2247 686 2305 1.
725 2247 767 2306 De
790 2247 896 2306 radice.

205 2396 321 2480 Rodia,
343 2416 419 2482 pars
443 2395 500 2462 illa
522 2395 698 2462 essentialis
721 2396 866 2480 stirpium
889 2415 950 2480 qua
970 2396 1097 2480 plantae
1113 2415 1174 2464 non
1190 2396 1291 2462 solnm
1305 2396 1395 2462 alun-

127 2499 173 2564 tur
193 2500 244 2566 sed
266 2503 360 2567 etiam
382 2499 555 2566 onoiunmr
577 2503 738 2584 terraeque
761 2499 870 2566 affixae
897 2503 1077 2578 remanent,
1113 2500 1193 2566 nulli
1215 2501 1394 2568 Muscnrum

128 2603 238 2686 speciei,
260 2625 298 2671 ne
318 2604 459 2670 minimis
482 2603 624 2688 quidem,
648 2604 788 2688 quamvis
811 2604 849 2670 ab
871 2604 1007 2688 antiquis
1031 2605 1184 2672 botanicis
1206 2607 1239 2672 et
1261 2605 1393 2672 recenti·

129 2705 221 2772 oribns
241 2708 400 2774 nonnullis
421 2709 561 2792 negetur,
584 2707 681 2773 deest.
1403 2765 1404 2768 ,

205 2810 322 2878 Pbasca
354 2811 525 2876 exilissima
561 2802 694 2894 aliique
713 2811 889 2878 tenuissimi
919 2811 1145 2896 procerioresvc
1174 2812 1271 2879 musci
1300 2832 1394 2880 manu

128 2909 182 2976 levi
209 2914 367 2998 periteque
398 2915 528 2979 tractati
550 2913 703 2980 radiculas
726 2933 799 2980 suas
821 2914 1013 2982 observatori
1035 2913 1216 2998 spectandas
1239 2915 1394 2982 exhibent.

129 3014 201 3096 Qnirr
221 3020 252 3083 et
275 3017 350 3084 illae
372 3017 507 3102 species,
540 3037 618 3102 quac
639 3018 798 3084 arboribus
821 3019 963 3103 saxisque
985 3017 1185 3084 adhaerentes
1207 3019 1322 3086 talibus
1346 3038 1395 3084 or-

128 3120 205 3202 ganis
235 3141 340 3192 carcre
370 3121 530 3199 videntur,
565 3121 610 3186 eis
639 3122 735 3187 ctiam
764 3121 943 3207 providente
972 3123 1083 3186 natura
1112 3121 1285 3188 instmotae
1310 3124 1394 3188 eunt.

129 3221 212 3290 Nulla
234 3226 351 3291 etenim
373 3224 465 3290 datur
487 3225 664 3310 superficies
680 3225 754 3292 adeo
771 3225 868 3291 laevis
890 3244 968 3308 quae
991 3244 1051 3293 non
1074 3225 1294 3310 asperitatibus
1309 3227 1396 3294 lacn·

129 3327 224 3414 nisque
245 3331 376 3408 scateat,
399 3331 432 3396 in
454 3331 563 3415 quibus
586 3331 673 3396 humi
696 3329 859 3396 volitantis
882 3329 1052 3414 particulae
1075 3329 1177 3395 ventis
1199 3328 1348 3396 adductae
1363 3331 1398 3396 at

57 3459 62 3470 ·
129 3428 240 3498 tumori
263 3434 394 3518 pluviali
416 3435 576 3500 concretae
599 3435 819 3500 coacervantur
841 3435 874 3498 et
890 3433 1069 3500 Muscornm
1092 3433 1250 3499 seminnlis
1272 3452 1307 3500 eo
1322 3453 1396 3500 casu

129 3531 230 3602 delatis
253 3537 356 3602 solnm
378 3537 525 3603 radiculis
548 3536 707 3603 firmandis
730 3539 839 3621 aptum
854 3556 1020 3620 succosque
1035 3537 1225 3622 generabiles
1240 3538 1396 3621 praebent.

206 3639 350 3724 Plerique
366 3640 468 3706 Musei
490 3641 529 3708 ad
552 3641 670 3707 radices
692 3639 827 3726 agendas
850 3639 925 3706 adeo
942 3640 1094 3724 proclives
1110 3641 1192 3719 sunt,
1212 3643 1249 3706 ut
1264 3658 1397 3732 quacun-

130 3759 181 3822 que
200 3745 289 3828 parte
310 3746 413 3812 teme
436 3744 676 3824 admoveantur,
709 3747 774 3810 sive
795 3745 877 3812 cauli
898 3745 1081 3829 praesertim
1103 3744 1142 3810 ad
1165 3763 1320 3811 ramonnn
1341 3763 1398 3812 no-

131 3844 274 3913 vellomm
295 3846 384 3914 basin
407 3847 473 3914 sive
496 3848 589 3914 ramis
611 3849 685 3914 binc
706 3849 791 3915 illico
814 3848 932 3914 radices
955 3849 1119 3926 emittant,
1150 3848 1279 3932 quibus,
1309 3847 1398 3932 qnasi

130 3949 286 4018 tentandis
306 3952 486 4038 iiricrisque,
510 3953 666 4020 substrato
689 3953 811 4020 adnecti
833 3956 866 4018 et
887 3953 1011 4038 alligari
1031 3955 1145 4018 amant.

207 4053 347 4134 Radices,
371 4059 547 4140 praeterea,
570 4076 630 4123 non
654 4057 755 4122 solum
778 4076 794 4122 e
816 4057 914 4122 oeulis
936 4057 1002 4122 besi
1024 4057 1074 4122 vel
1096 4076 1132 4122 ex
1155 4057 1221 4141 ejus
1244 4073 1399 4122 ramorum

131 4153 220 4224 intem
247 4161 350 4226 terrae
381 4159 576 4226 incumbente
605 4161 643 4226 ad
664 4161 804 4245 plantam
826 4159 1011 4226 fulciendam
1035 4163 1127 4244 atque
1149 4159 1291 4226 alendam
1313 4176 1400 4243 ogre-

131 4256 263 4340 dinntur,
286 4263 340 4329 sed
365 4263 462 4330 ctiam
483 4282 500 4329 e
522 4262 667 4331 loliorum
689 4263 757 4330 basi
778 4266 871 4350 atquc
893 4265 994 4348 apice,
1023 4282 1039 4327 e
1062 4264 1242 4330 summitate
1264 4262 1400 4328 mmnlo-

133 4379 202 4442 rum,
224 4383 240 4430 a
263 4366 362 4432 totius
385 4365 483 4432 caulis
506 4365 675 4452 superficie.

228 4536 243 4566 ⁸
267 4535 329 4590 ud.
348 4535 442 4592 leonas
459 4535 526 4593 aab.
537 4535 576 4592 11.

216 4621 248 4654 '⁸
270 4621 334 4678 Vid.
351 4621 575 4681 lectoratu.
