3334 5254
318 334 383 409 818
855 329 1047 394 mammaeae.

405 524 568 599 Specimina
589 541 607 584 a
630 522 699 583 clar.
721 523 818 582 Bursa
841 521 870 582 iu
893 522 967 598 Alpa
991 521 1137 600 Fillafjeld
1158 522 1251 594 lecta,
1274 520 1343 582 folia
1363 519 1470 582 habent
1489 521 1563 580 deuse

318 611 457 685 conferta,
480 613 556 672 sicca
579 611 740 671 imbricata.

769 789 797 843 ’1.
829 786 988 846 Androta
1009 783 1138 854 alpina.

703 872 708 883 Ι
806 909 897 967 Tuan.
920 908 1010 966 Musa.
1032 907 1101 965 Hib.

403 1041 505 1107 Danaa
527 1040 717 1122 caespitosa;
740 1041 891 1123 caespites
906 1039 1143 1116 atro-rubentes,
1167 1037 1306 1104 siccitate
1327 1035 1463 1121 fragiles.
1504 1035 1571 1100 Cau-

315 1145 356 1211 lis
377 1145 499 1225 elatus,
520 1144 610 1210 valdo
631 1163 787 1222 ramosus,
811 1145 1008 1228 fastigiatus,
1031 1143 1161 1228 fragilis.
1206 1140 1293 1206 Folia
1313 1139 1494 1206 densissime
1512 1159 1572 1204 oon·

316 1248 405 1328 ferta,
428 1249 552 1314 humida
575 1249 841 1330 erecto-patentia,
865 1249 946 1313 sicca
960 1249 1027 1313 lare
1042 1247 1212 1326 imbricata,
1235 1246 1322 1322 dura,
1345 1245 1478 1329 fragilia,
1501 1247 1571 1308 atro-

316 1351 465 1431 rubentia,
487 1352 595 1430 laevia,
619 1352 785 1428 vernicosa,
808 1351 1138 1434 obovato-spatbulata
1160 1353 1193 1416 et
1215 1349 1496 1432 panduraeformia,
1516 1349 1572 1412 bre·

315 1456 396 1521 viter
417 1457 449 1522 et
471 1454 599 1538 abrupte
620 1455 814 1532 acuminata,
848 1456 933 1537 apice
954 1454 1085 1540 integra,
1117 1454 1157 1518 ad
1179 1453 1263 1518 basis
1286 1453 1442 1538 margines
1464 1455 1573 1525 serrata

316 1558 426 1625 areolis
456 1559 555 1642 partis
584 1559 746 1643 superioris
768 1559 906 1624 minimis
929 1557 1181 1641 punctiformibus
1203 1555 1355 1622 inferioris
1379 1555 1574 1620 vermiculari-

315 1663 491 1728 linoaribus.
535 1663 641 1729 Floras
672 1663 799 1730 masculi
829 1665 860 1728 in
883 1663 1130 1729 innovationibus
1153 1661 1340 1725 tenuioribus
1363 1657 1494 1724 ramosis
1515 1677 1574 1740 pro-

315 1766 390 1849 priis
418 1767 518 1832 miuus
540 1767 672 1849 copiosi,
703 1767 903 1850 tetrapbylli,
937 1766 1138 1832 crassiuscule
1164 1769 1196 1830 et
1217 1768 1326 1831 obtuse
1350 1765 1573 1849 gemmiformes,

316 1870 401 1953 apice
434 1872 592 1954 paululum
626 1874 784 1955 patontas;
815 1871 987 1938 antberidia
1008 1871 1114 1936 8-12
1137 1870 1308 1953 majuscula
1337 1869 1571 1951 ovato-oblonga

316 1974 539 2060 paraphysibus
570 1976 740 2042 numerosis
762 1977 861 2041 aureis
885 1975 1074 2060 longioribus
1107 1975 1187 2042 haud
1218 1993 1288 2040 raro
1319 1995 1337 2040 e
1359 1975 1430 2040 basi
1451 1975 1575 2041 ramosis

315 2078 455 2158 clavatis,
478 2080 594 2158 solidis,
617 2080 703 2162 apice
724 2099 939 2162 nonnunquam
961 2100 977 2146 e
998 2079 1114 2162 duplici
1136 2081 1213 2146 sarie
1235 2080 1418 2145 cellularum
1441 2079 1575 2160 composi·

315 2184 370 2248 tis.
415 2185 607 2268 Archegonia
630 2185 713 2251 2-5
736 2187 970 2268 aparapbysata.
1016 2185 1240 2250 Perichaetium
1262 2203 1423 2268 magnum,
1447 2182 1484 2247 6-
1505 2185 1533 2248 et
1552 2183 1576 2242 ῖ-

314 2288 463 2371 phyllum,
486 2291 826 2374 elongato-oblongum,
850 2289 932 2354 soliis
947 2288 1076 2354 internis
1095 2288 1275 2366 convolutis,
1297 2288 1363 2352 late
1387 2287 1534 2370 oblongis,
1551 2305 1576 2348 er

227 2479 231 2488 ι
315 2392 401 2474 apice
430 2394 629 2460 subtruncato
662 2393 776 2476 raptim
805 2396 837 2459 et
866 2393 1002 2458 breuiter
1031 2392 1203 2476 spiculatis.
1247 2390 1385 2472 Capsula
1415 2390 1577 2474 majuscula

315 2497 439 2578 paulum
462 2515 554 2581 supra
576 2497 794 2580 parichaetium
817 2501 946 2564 exserta.
991 2497 1094 2582 Bryol.
1117 2516 1179 2564 aur.
1201 2496 1269 2562 Vol.
1292 2496 1349 2574 Vl,
1372 2497 1450 2560 'l'ab
1474 2495 1542 2560 628.

315 2617 555 2682 Licbeuoatrum
578 2618 714 2701 alpinum
735 2619 915 2686 atrorubens
938 2621 1033 2697 teres,
1068 2619 1220 2702 calycibus
1243 2618 1429 2700 squamosis.
1477 2617 1577 2682 niun

370 2745 373 2752 ·
425 2722 508 2786 Hist.
532 2723 630 2787 Musc.
655 2742 682 2805 p.
707 2721 785 2800 506,
806 2725 831 2787 t.
855 2722 908 2800 73,
930 2723 951 2788 f.
975 2721 1028 2787 39.

316 2827 470 2892 Andreae
491 2827 602 2910 ulpino
623 2826 755 2891 Toauaa
777 2827 875 2892 Musa.
890 2827 961 2892 Hib.
992 2827 1093 2894 Surrn
1116 2827 1206 2910 llngl.
1228 2826 1299 2892 Bot.
1330 2827 1435 2892 lloorr.
1460 2824 1577 2890 inLiun.

424 2931 532 2996 Trans.
559 2931 606 3012 Χ,
641 2934 664 2996 t.
689 2931 740 2998 31.
785 2933 945 2998 Guarinus
968 2935 999 2997 et
1020 2933 1150 2999 Aurora
1172 2933 1205 2996 in
1226 2931 1331 2996 Wern.
1356 2932 1515 2996 Transact.
1536 2927 1577 2994 ll'.

426 3037 451 3099 t.
475 3037 504 3098 7.
549 3035 649 3102 Hoorr.
687 3039 718 3100 ot
749 3037 844 3100 Turn.
882 3036 1012 3102 Musool.
1050 3037 1129 3102 Brit.
1174 3037 1263 3100 Baro.
1288 3037 1394 3120 Bryol
1427 3037 1507 3101 univ.
1536 3053 1576 3114 pro

425 3141 522 3223 parte.
568 3139 602 3204 Ο.
625 3139 760 3204 Murcus
789 3139 918 3223 Synops.
972 3141 1030 3206 Ba.
1060 3141 1092 3205 et
1121 3140 1194 3206 San.
1221 3141 1327 3224 Bryol.
1356 3160 1424 3206 eur.
1468 3139 1575 3204 Hrarr.

426 3240 538 3308 Skand.
561 3241 608 3306 Fi.
653 3242 784 3308 Wrusou
807 3244 910 3327 Bryol
933 3245 1011 3308 Brit.

405 3362 514 3426 Habet.
538 3361 577 3426 ad
599 3380 672 3427 sara
694 3363 826 3429 irrorata
848 3363 880 3427 in
902 3363 1012 3428 rivulis
1035 3363 1083 3429 val
1105 3364 1182 3428 locis
1204 3363 1441 3448 scaturiginosis
1457 3379 1574 3427 summa·

320 3485 389 3532 rum
405 3467 531 3549 Alpium
549 3466 679 3546 Scotiaa,
702 3466 955 3546 Cambrovalliae‚
978 3468 1030 3532 ubi
1046 3468 1166 3533 Drunau
1189 3468 1306 3551 primus
1329 3469 1421 3553 legit,
1445 3467 1520 3532 baud
1541 3465 1575 3526 iu-

320 3571 474 3651 irequens,
496 3570 527 3633 iu
543 3570 707 3636 Hiberniae
730 3571 876 3637 occident.
899 3591 938 3638 m.
954 3573 1021 3636 Bcn
1036 3573 1114 3654 Bae,
1135 3591 1247 3656 magna
1269 3571 1357 3655 copia
1381 3571 1446 3636 vidi
1461 3571 1490 3636 in
1504 3567 1576 3634 Can

321 3675 491 3740 brovalliaa
526 3694 567 3740 m.
600 3676 772 3757 Snowdon,
809 3677 842 3741 et
878 3676 1037 3759 praecipue
1066 3679 1097 3742 in
1125 3696 1167 3742 m.
1201 3677 1307 3761 Glydr
1341 3693 1451 3742 vorans
1481 3673 1574 3740 fanon

326 3778 477 3844 Taele-uo
499 3779 613 3863 (culina
635 3779 779 3866 diaboli),
812 3779 863 3846 ubi
892 3783 1014 3866 magnis
1046 3781 1230 3866 caespitibus
1252 3783 1498 3864 turgescentibus
1518 3794 1574 3840 sara
1634 3849 1635 3877 ¹

321 3882 446 3949 humida
468 3883 603 3966 obtegit,
627 3885 666 3949 ad
687 3905 776 3969 rupes
798 3886 946 3951 irroratos
969 3907 1011 3951 m.
1035 3885 1101 3950 Bon
1123 3885 1214 3950 More
1235 3883 1356 3952 Scotiae
1379 3905 1406 3951 e.
1430 3903 1459 3949 a.
1481 3884 1500 3948 l.
1521 3878 1574 3944 Bri·

321 3988 463 4065 tauniao;
494 3988 527 4052 in
548 3989 704 4074 Norvegia
735 3991 881 4057 occident.
904 3990 943 4055 ad
965 3990 1121 4055 Drbanoa
1144 4009 1190 4072 pr.
1213 3989 1336 4072 Malae,
1368 3989 1403 4054 in
1427 3987 1573 4068 Norregiu‘

322 4091 570 4175 septentrionalis
601 4095 634 4158 et
655 4093 849 4162 Finmarlriao
881 4093 989 4160 insulis
1020 4094 1210 4177 mpastribus
1236 4091 1397 4174 Omma,
1430 4093 1525 4158 aaa
1550 4096 1570 4150 a
1633 4135 1634 4154 .

324 4193 468 4260 Alstcabe
489 4197 563 4281 (Ax,
585 4197 714 4284 Barna),
736 4199 775 4265 ad
797 4199 1010 4286 Neblonpsaea
1032 4199 1063 4264 in
1084 4197 1278 4264 Ramadalea
1300 4197 1540 4282 (Zamnesrml

410 4300 519 4366 Fruct.
542 4308 658 4367 ramur.
681 4322 761 4370 aere.

410 4412 517 4471 Planta
538 4413 693 4474 altitudine
715 4415 830 4474 unciam
853 4415 999 4491 singulam
1023 4415 1069 4474 val
1091 4414 1164 4474 duas
1186 4415 1215 4472 ot
1238 4417 1298 4473 tres
1320 4415 1453 4482 metiens,
1480 4423 1570 4469 ramo-ta
1632 4439 1633 4515 p

325 4499 355 4556 at
378 4500 477 4557 erecte
493 4499 656 4574 fastigiata,
679 4503 766 4560 ramis
788 4505 817 4562 et
839 4503 959 4562 ramulis
981 4503 1150 4562 fortioribus
1172 4501 1249 4561 foliis
1271 4501 1430 4576 majoribus
1444 4501 1568 4560 meraco·

326 4582 479 4656 fartilibus,
502 4586 568 4646 aliis
589 4588 793 4662 gracilioribus
815 4590 1014 4664 micropbpllis
1036 4591 1120 4650 flores
1136 4589 1279 4649 masculos
1294 4589 1462 4648 ferentibus.
1501 4583 1568 4642 loir-³
