3022 5230
279 311 343 380 380
785 313 1050 384 Phpsoomitriaeese.

286 486 404 555 Weisio
429 487 616 576 Templooni
638 487 722 555 foliis
744 489 1034 556 ovato-lanoeolatis
1050 486 1162 566 ocutis,
1184 489 1310 572 onpsnla
1324 509 1392 555 rum
1406 489 1504 572 apopt·

387 595 516 678 angusto
539 594 698 678 pirilormi,
721 597 861 679 opereulo
884 595 1073 679 ploniusoulo
1096 596 1197 660 fluor.
1213 595 1245 660 in
1260 595 1345 661 Flor.
1360 595 1449 660 hul
1463 595 1498 658 et

390 717 416 764 e.
439 699 477 764 io.
522 699 622 765 Hmr.
645 700 677 765 ai
699 699 795 764 Turn.
818 700 915 766 Muso.
938 699 1017 766 Brit.

281 821 429 886 Funeris
455 821 644 907 Templetoni
665 821 765 888 Sinus
789 822 836 888 Iu.
858 822 939 887 Brit.
978 822 1069 906 Engl.
1093 821 1165 887 Bot.
1187 823 1213 886 t
1237 819 1336 886 2433.

281 924 472 1010 Sploolmom
495 925 623 990 Joreeei
645 924 830 992 Scflwsueu.
852 925 958 1009 Suppl.
982 926 1007 1004 l,
1030 926 1066 990 Ρ.
1088 927 1114 1002 Ι,
1137 945 1168 1009 p.
1183 926 1226 990 55
1249 929 1300 1008 (ox
1323 927 1459 1007 autopsia
1479 945 1505 1006 sp

259 1027 262 1038 '
368 1029 437 1093 oim.
461 1027 580 1112 oripi).

281 1149 546 1234 Physcomitriom
577 1150 733 1216 Soleirolii
763 1151 939 1218 Moursenn
969 1155 999 1216 in
1033 1151 1146 1217 Annal.
1175 1153 1205 1216 d.
1235 1151 1307 1218 Soc.
1331 1153 1432 1216 natrrr.
1456 1153 1503 1214 lii

388 1253 417 1334 (e
440 1251 604 1336 specimine
626 1255 665 1320 ab
689 1256 814 1321 auctore
836 1255 1101 1339 communicatot).

282 1355 539 1440 Gymnostomum
560 1357 732 1441 latifoliom
754 1359 886 1424 Turones
908 1358 940 1423 in
963 1359 1064 1425 sched.
1087 1359 1265 1442 (espeoim.
1291 1359 1466 1445 originalilt.

280 1457 495 1524 Eestoetlsodon
521 1460 711 1547 Tonplstoni
733 1462 917 1529 &sunnon
940 1462 1047 1547 Suppl.
1069 1463 1110 1528 Π.
1156 1463 1247 1528 Bam.
1263 1465 1375 1548 Bryol.
1392 1465 1462 1530 onir.

391 1565 424 1629 et
446 1562 517 1630 Son.
541 1565 647 1650 Bryol.
670 1587 732 1633 sur.
778 1567 826 1632 Dn
841 1567 961 1632 Nonus.
985 1566 1062 1650 Syll.
1085 1569 1118 1634 et
1139 1567 1222 1650 lipil.
1269 1567 1307 1634 C.
1332 1569 1458 1634 Morum
1475 1567 1500 1648 Sp

391 1667 521 1734 Wmson
548 1670 655 1755 Bryol.
679 1672 759 1738 Brit.

368 1789 476 1856 Helii.
499 1792 575 1859 loeis
597 1793 732 1860 humidis
755 1795 793 1860 od
816 1813 956 1880 aggeres,
978 1794 1010 1860 iu
1033 1793 1124 1860 fossis
1145 1787 1326 1872 exsiccatis,
1349 1797 1382 1860 st
1396 1795 1427 1860 in
1441 1811 1509 1874 rupo

280 1893 400 1960 fissuris
423 1895 557 1962 humidis
580 1897 664 1963 terra
685 1898 839 1981 impletis,
870 1899 1049 1983 plerumque
1079 1898 1159 1964 sooio
1184 1897 1223 1962 E.
1248 1901 1436 1963 mortorum
1456 1909 1499 1960 εἰ

281 1997 346 2064 illio
369 1999 517 2066 lunesto
540 2023 674 2067 convexo
697 2023 878 2086 perronem
904 2004 1152 2081 meridionalem,
1175 2003 1281 2068 rarius
1305 2003 1339 2068 in
1363 2007 1479 2086 parter

279 2101 395 2169 dionnli
422 2123 513 2171 zonae
543 2104 758 2184 intermedium
789 2108 998 2192 copiosissime
1030 2108 1062 2174 in
1084 2107 1251 2187 Hibernia,
1289 2109 1397 2174 Sooiia
1416 2122 1442 2172 st
1462 2119 1506 2165 ¹:

279 2207 356 2274 bria.
402 2209 447 2275 Ilr
480 2211 608 2296 Algoria
644 2214 675 2277 et
703 2231 740 2278 ox
768 2213 903 2292 Arabio,
941 2213 972 2278 in
1012 2231 1131 2279 summo
1169 2215 1279 2280 monte
1312 2213 1406 2279 &noi
1436 2211 1507 2274 lert.

281 2309 331 2378 W.
354 2309 513 2380 sosimas
534 2313 630 2381 misit.

368 2417 476 2484 Fruot.
499 2427 615 2524 motor.
637 2439 717 2488 vere.

367 2527 486 2602 Veniat,
511 2531 545 2589 ut
567 2548 665 2592 omnes
687 2533 803 2608 generis
826 2533 955 2608 speeies,
985 2531 1063 2591 foliis
1085 2549 1162 2591 nuno
1185 2531 1380 2608 longioribus
1401 2548 1453 2590 aar
1483 2543 1508 2558 ··

281 2613 419 2686 rioribus,
442 2634 519 2676 nuno
542 2619 652 2694 patulis
673 2637 750 2679 nuno
773 2620 886 2680 erectis.

368 2703 478 2764 Planta
501 2705 538 2765 ab
562 2706 654 2766 amico
677 2707 838 2766 Monusonn
861 2708 915 2766 sub
937 2707 1052 2766 nomine
1068 2705 1219 2782 Ptyscom.
1243 2705 1398 2766 Soleiroir'i
1414 2707 1482 2760 tv·

281 2791 309 2848 et
332 2792 542 2852 communicata
565 2793 678 2853 minime
700 2795 902 2869 gymnostoma
934 2797 998 2865 ost,
1029 2794 1080 2852 sed
1114 2793 1289 2866 peristomio
1321 2793 1426 2870 gaulo

281 2876 447 2948 efformato,
469 2879 579 2954 pallido
602 2881 639 2939 ob
661 2879 774 2940 fructus
796 2881 1054 2950 immaturitatem,
1077 2883 1106 2939 et
1128 2879 1228 2938 differt
1251 2883 1293 2940 ab
1318 2879 1464 2940 surmus:
1483 2886 1499 2901 ·’

281 2964 374 3024 nostri
403 2965 496 3025 forma
526 2966 642 3042 vulgari
663 2968 732 3026 solis
754 2967 832 3028 foliis
854 2968 942 3043 poulo
964 2967 1147 3027 brevioribus
1169 2966 1333 3026 latioribus
1355 2978 1465 3026 erem·
1493 2961 1498 2975 ’

368 3052 442 3112 (ller.
466 3052 581 3112 ummo
603 3072 621 3114 a
644 3054 753 3114 Possoe
767 3055 925 3126 (Gis-ende)
948 3054 1121 3113 varietatem
1145 3055 1226 3113 misit
1249 3053 1332 3114 foliis
1348 3065 1467 3128 angue--

280 3137 409 3216 gissimis
431 3139 566 3200 ileruosis
588 3142 764 3218 capsulaque
787 3143 860 3202 oollo
882 3142 1013 3202 breuiore
1035 3142 1189 3200 instructa.

697 3344 836 3422 oens
889 3343 1135 3422 Funeris.

749 3489 870 3548 Sonans.
894 3489 965 3549 (len.
989 3489 1085 3548 Plant.

369 3635 551 3703 Plnuturum
573 3636 705 3716 habitus,
728 3637 835 3704 modus
857 3637 1032 3722 vegetandi,
1054 3636 1198 3702 loliorum
1219 3635 1321 3703 forma
1335 3639 1367 3702 et
1384 3627 1500 3700 minu·

282 3740 316 3804 ui
339 3739 370 3806 in
392 3741 522 3807 eaeteris
544 3740 692 3808 Familiae
714 3741 883 3826 generibus.
929 3740 1077 3826 Culpptru
1106 3739 1326 3823 proeoodsntis
1371 3735 1483 3818 (³2an

283 3843 430 3926 pedioello
450 3845 552 3911 orento
575 3846 624 3911 uel
646 3864 775 3929 superno
802 3847 928 3911 arcuato
955 3863 1080 3924 cernua,
1111 3863 1181 3910 oum
1210 3843 1292 3910 oollo
1322 3843 1391 3928 plns
1414 3839 1503 3906 mioe'·

281 3947 373 4034 longo
394 3947 511 4016 inferne
533 3949 645 4016 sensim
668 3953 827 4017 attenuato
842 3949 1019 4033 piriiormis
1042 3948 1226 4016 subincurra
1254 3951 1287 4014 et
1311 3945 1411 4032 ginta
1450 3953 1507 4016 ‘'l“

281 4053 382 4120 oulum
406 4054 674 4136 plano-convexum
698 4054 746 4120 vol
769 4053 1064 4120 convexo-oonioum.
1110 4051 1251 4118 Annulos
1273 4049 1376 4116 nullus
1397 4045 1437 4110 τε]
1456 4057 1505 4104 ³¹³

282 4175 338 4222 nus
360 4157 545 4240 compositus
567 4157 753 4225 revolubilis.
783 4158 1001 4224 Peristomium
1022 4175 1091 4224 raro
1114 4155 1378 4229 rudimenrnrium
1399 4160 1489 4216 mner-

282 4259 401 4344 duplsr‚
423 4261 513 4343 longe
535 4261 590 4326 sub
612 4259 727 4327 onfioio
749 4279 885 4340 moene,
907 4261 1024 4328 externi
1046 4261 1153 4326 dentes
1176 4261 1208 4326 in
1230 4259 1405 4326 mensumn
1422 4252 1505 4316 iffi·

282 4364 322 4429 ab
344 4365 468 4429 externo
491 4363 548 4428 visi
569 4364 707 4432 dextrum
730 4385 834 4431 versus
857 4365 1007 4449 obliquati
1038 4365 1070 4430 in
1095 4365 1213 4432 discum
1236 4363 1382 4448 spitualem
1403 4370 1504 4422 reue--

279 4468 349 4534 ‘tom
370 4466 505 4552 gyratim
520 4469 724 4550 conniventes,
747 4469 1082 4548 lanosoleto-subulati,
1102 4465 1371 4535 articulatiomtus
1383 4465 1456 4528 utra
1468 4470 1503 4516 1·-

282 4571 405 4638 bonulus
428 4569 590 4654 productus
618 4574 669 4639 rel
691 4573 832 4639 lamellas
862 4573 1110 4654 sumentibus,
1142 4573 1181 4640 sd
1208 4571 1303 4657 spiro
1330 4569 1424 4636 lotan
1452 4559 1505 4669 ¹³³¹

283 4673 484 4758 prominulis‚
515 4673 630 4740 inferne
651 4676 877 4760 rufo-purpurei
899 4677 1087 4744 vortioaliter
1110 4677 1259 4754 simulati,
1293 4689 1416 4760 sepem
1434 4687 1449 4709 ⁵
