3128 5254
576 329 744 400 Hypnaoeaa
1231 327 1292 394 791

116 507 219 572 Habit.
243 507 275 572 in
298 507 417 573 sricetis
441 510 505 572 tam
530 505 618 571 siccis
641 523 731 588 quam
752 502 897 581 humidis,
919 503 951 568 in
973 503 1119 570 turtaceis
1134 502 1296 580 umbrosis,

39 612 71 676 ad
90 610 235 696 margines
258 611 415 696 sylvarum
438 615 469 677 et
491 611 524 676 in
545 609 621 694 ipsis
643 609 752 693 sylvis,
775 627 828 690 per
843 625 964 674 emnem
979 607 1133 691 Europam
1155 605 1296 690 evulga-

38 713 160 780 tissimis.

112 817 216 882 aaut.
240 825 356 883 muter.
381 819 552 886 auctumno.

111 947 234 1005 lledium
257 950 338 1008 tonet
361 949 437 1006 inter
459 946 505 1005 H>
521 948 706 1023 ωψίάαιιιηι
728 947 757 1004 et
780 944 819 1002 H.
839 963 963 1020 punicu,
997 945 1034 1002 ab
1057 943 1180 1016 utroque
1204 941 1296 1015 primo

35 1031 130 1091 intuitu
152 1035 246 1094 colore
268 1035 417 1108 peculiari,
439 1034 573 1094 foliorum
595 1034 690 1094 nitore
714 1032 823 1106 insigni
846 1033 876 1090 ct
891 1031 1025 1106 partibus
1041 1030 1174 1089 omuibus
1188 1029 1296 1088 firmio-

33 1119 103 1178 ribus
123 1121 324 1196 distinguitur.
367 1123 401 1180 In
425 1122 544 1180 turiesis
567 1121 718 1196 sylvaticis
739 1119 856 1194 saepius
871 1118 1028 1178 laetissimo
1045 1118 1148 1192 vigens
1163 1133 1296 1191 smarag-

33 1205 193 1267 dino-viride
217 1209 358 1269 ditissime
381 1209 560 1268 fructificans
585 1208 740 1283 reperitur,
763 1206 947 1281 capsularum
970 1205 1119 1280 pedicellis
1150 1203 1296 1279 elongatis

33 1293 104 1352 valdo»
119 1295 262 1366 ssrsruesis,
284 1297 314 1356 in
331 1297 477 1357 montanis
499 1296 584 1354 siccis
607 1297 709 1355 eontra
732 1293 858 1365 brevius,
882 1294 1040 1364 robustius,
1062 1291 1179 1351 densius
1200 1309 1296 1350 ramu-

30 1379 111 1443 losum
134 1384 312 1459 capsulaque
335 1385 451 1444 bravius
474 1383 656 1458 pedicellata.
702 1383 809 1440 Parum
832 1383 976 1441 caeterum
1000 1381 1104 1439 variat.

451 1594 503 1649 72.
539 1591 707 1659 Hypnum
728 1603 868 1659 purum.

503 1713 586 1772 Lnrn.
611 1713 691 1787 Spec.
715 1711 812 1770 Plaut.

105 1841 265 1925 Caespites
288 1842 414 1909 demissi
436 1844 486 1909 vel
507 1844 653 1925 subsisti,
677 1844 873 1927 irregulares,
895 1843 1016 1920 melles,
1039 1840 1152 1924 pallide
1174 1838 1296 1906 virides.

25 1948 120 2012 bbulis
136 1947 463 2029 flexuoso-prostratus
487 1949 535 2014 vel
558 1949 787 2028 ascendebam
811 1948 997 2030 caespitibus
1012 1944 1201 2011 densioribus
1224 1945 1296 2010 sub·

24 2054 152 2130 erectus,
176 2051 340 2128 flaccidos,
373 2051 544 2120 dichotome
565 2071 722 2130 ramosus,
754 2054 825 2135 plus
847 2053 948 2117 minus
971 2049 1132 2116 confertim
1154 2049 1297 2132 pinnato·

22 2155 208 2233 ramelenus,
230 2156 358 2222 ramulis
381 2156 569 2240 longioribus
591 2156 749 2234 flexuosis,
780 2155 997 2224 eradieulosus.
1042 2155 1128 2220 Folia
1151 2152 1296 2230 mosera,

22 2279 36 2324 e
57 2261 119 2326 basi
145 2261 272 2342 patente
293 2259 416 2344 turgide
439 2261 619 2338 imbricata,
652 2279 689 2325 ex
711 2261 877 2326 insertione
899 2260 1086 2343 perangusta
1107 2257 1146 2324 ad
1167 2256 1296 2342 angulos

21 2363 196 2430 decurrente
218 2363 281 2430 late
303 2363 413 2442 oralia,
436 2366 469 2428 et
491 2365 554 2430 late
576 2365 827 2448 ovato-oblonga,
851 2384 886 2430 ex
908 2364 992 2446 apice
1014 2361 1178 2428 rotundato
1193 2360 1297 2444 apicu-

21 2467 89 2545 luta,
113 2467 206 2533 valde
228 2485 359 2532 concava
380 2469 412 2532 et
434 2467 763 2544 subcecbleariiormia,
787 2471 854 2533 toto
877 2469 998 2533 ambitu
1013 2465 1217 2532 minutissime
1232 2483 1297 2530 ser·

21 2574 99 2648 rata,
124 2573 191 2636 lato
214 2571 353 2650 sulcata,
376 2573 462 2637 cesta
485 2571 617 2654 simplici
639 2572 678 2637 ad
700 2571 832 2637 medium
856 2572 1021 2653 producta,
1044 2571 1143 2636 radus
1166 2569 1297 2655 gemer

20 2673 170 2748 b1·eriore;
194 2674 346 2740 ramulina
368 2675 504 2752 minora,
527 2674 675 2758 elliptica,
699 2675 813 2740 seorsim
836 2674 1021 2754 acuminata,
1044 2675 1202 2756 minusque
1225 2691 1297 2738 con·

16 2799 94 2845 cava.
146 2779 250 2845 Floras
281 2778 410 2845 masculi
438 2781 611 2858 numerosi,
644 2780 833 2865 polyphylli,
865 2777 1064 2863 squarrosuli.
1111 2777 1249 2850 Fructus
1263 2777 1295 2842 in

16 2885 116 2950 eodem
143 2884 229 2949 caule
252 2884 433 2966 complures.
479 2884 666 2951 Perichaotii
688 2885 752 2950 laxi
774 2885 847 2952 folia
869 2886 950 2951 baud
973 2885 1110 2962 sulcata,
1144 2884 1292 2949 eeostata.

16 2989 150 3070 Crapsula
171 2989 203 3053 in
226 2988 374 3070 pcdicello
397 2989 481 3054 tenui
504 2990 681 3072 plerumque
703 2990 790 3056 valde
814 2991 945 3056 flexuose
969 2989 1069 3055 subito
1092 2987 1293 3054 horizontalis

16 3097 40 3156 st
64 3094 179 3158 leniter
201 3091 367 3170 inclinata,
390 3093 528 3176 elliptica
550 3094 582 3160 et
604 3095 751 3177 oblonga,
774 3095 935 3179 regularia,
959 3093 1175 3178 pacbyderma,
1198 3090 1292 3170 tusca,

16 3197 155 3278 operculo
178 3197 282 3262 conice
304 3201 405 3276 acute,
428 3197 540 3263 annulo
562 3198 716 3264 biseriato.
762 3199 939 3264 Peristomii
961 3198 1068 3264 dentes
1088 3195 1292 3280 augustiores

16 3299 198 3378 rurantiaci,
220 3299 304 3365 intus
327 3300 390 3366 late
412 3301 575 3381 lamellati,
598 3320 755 3384 processus
777 3303 808 3367 b1
831 3303 935 3368 carina
956 3302 1047 3386 longe
1064 3302 1197 3378 hiantes,
1220 3298 1312 3382 cilia,

16 3405 112 3488 ionga.
160 3402 276 3484 Sporae
297 3403 421 3470 virides.
466 3406 571 3489 Bryel.
594 3423 656 3472 eur.
680 3404 749 3472 Vol.
765 3406 821 3485 Vl,
844 3406 920 3472 Tab.
937 3406 1009 3472 621.

16 3523 169 3610 lippeam
203 3525 434 3606 cupressiiorme
465 3526 608 3610 vulgare,
640 3527 723 3592 feliis
754 3527 882 3594 obtusis.
928 3525 1290 3592 pessumeuntem.

97 3649 127 3710 p.
154 3626 229 3706 309,
252 3631 276 3692 t.
300 3627 352 3706 40,
375 3629 396 3694 f.
420 3628 502 3696 lde.
526 3649 556 3696 a.

16 3733 167 3816 prnum
185 3753 308 3818 purum
331 3733 421 3798 Lruu.
446 3734 496 3817 Sp.
519 3735 567 3800 Pl.
607 3737 716 3801 Hsnw.
740 3737 827 3820 Spcc.
851 3737 948 3802 Musc.
971 3738 1003 3801 et
1026 3755 1106 3802 omn.
1130 3736 1244 3802 recent.

16 3836 167 3922 lippeam
204 3835 381 3901 illecebram
418 3838 506 3904 Lruu.
544 3839 591 3904 bl.
629 3839 714 3906 Suec.
760 3840 886 3905 Susura
925 3841 1022 3906 Musc.
1061 3839 1146 3907 Sacc.
1191 3839 1290 3906 Surus

118 3940 211 4025 Engl.
235 3941 306 4006 Boi.

99 4061 208 4126 Hebit.
233 4061 265 4126 in
281 4063 432 4128 umbrosis
454 4063 493 4128 ad
516 4065 641 4142 terram,
664 4065 823 4147 praecipuo
845 4064 885 4131 ad
908 4065 1061 4150 margines
1085 4067 1242 4151 sylvarum
1258 4068 1291 4133 ct

16 4185 93 4230 oecos
118 4167 184 4231 vias
207 4167 386 4249 sylvaticas,
409 4185 462 4250 per
483 4187 591 4234 zenam
614 4172 817 4252 campestrem
840 4171 935 4236 totius
957 4171 1108 4252 Europae.

97 4269 206 4335 Fruot.
231 4277 346 4335 morer.
371 4290 450 4338 uero.
497 4271 591 4356 Saepo
615 4273 720 4341 sterile
741 4275 891 4359 prevenit.

97 4399 236 4457 liellities
260 4399 395 4472 plantae,
424 4399 557 4460 foliorum
586 4402 671 4460 valdo
702 4419 894 4462 concavornm
924 4402 1087 4462 imbricatio
1111 4404 1289 4478 turgescens,

16 4485 85 4542 olor
108 4487 254 4558 pallidus,
283 4486 403 4558 capsula
426 4505 441 4546 e
464 4488 537 4547 collo
560 4489 641 4546 brevi
664 4489 809 4548 defluente
832 4491 929 4550 subito
952 4491 1056 4549 leniter
1078 4491 1134 4549 sub
1157 4491 1290 4550 herineu-

18 4589 64 4630 om
89 4573 248 4644 inclinata,
278 4572 436 4648 regularis,
465 4575 630 4648 operculum
660 4576 777 4652 longius
809 4577 938 4638 conicum
969 4577 1093 4650 speciem
1123 4577 1242 4652 pulchre
1274 4599 1292 4638 a

16 4661 254 4720 ›raecedentibus
278 4659 474 4736 distinguunt.
