<?xml version="1.0" encoding="UTF-8"?>
<!DOCTYPE html PUBLIC "-//W3C//DTD XHTML 1.0 Transitional//EN"
    "http://www.w3.org/TR/xhtml1/DTD/xhtml1-transitional.dtd">
<html xmlns="http://www.w3.org/1999/xhtml" xml:lang="en" lang="en">
 <head>
  <title>
</title>
<meta http-equiv="Content-Type" content="text/html;charset=utf-8" />
  <meta name='ocr-system' content='tesseract 3.04.00' />
  <meta name='ocr-capabilities' content='ocr_page ocr_carea ocr_par ocr_line ocrx_word'/>
</head>
<body>
  <div class='ocr_page' id='page_1' title='image "./synopsismuscoru00schigoog_0956.png"; bbox 0 0 3316 5262; ppageno 0'>
   <div class='ocr_carea' id='block_1_1' title="bbox 871 345 1038 417">
    <p class='ocr_par' dir='ltr' id='par_1_1' title="bbox 871 345 1038 417">
     <span class='ocr_line' id='line_1_1' title="bbox 871 345 1038 417; baseline 0 0"><span class='ocrx_word' id='word_1_1' title='bbox 871 345 1038 417; x_wconf 68' lang='lat' dir='ltr'><strong>Eurum</strong></span> 
     </span>
    </p>
   </div>
   <div class='ocr_carea' id='block_1_2' title="bbox 706 548 1190 744">
    <p class='ocr_par' dir='ltr' id='par_1_2' title="bbox 706 548 1190 744">
     <span class='ocr_line' id='line_1_2' title="bbox 706 548 1190 616; baseline -0.008 -10"><span class='ocrx_word' id='word_1_2' title='bbox 706 551 754 606; x_wconf 80' lang='grc'><strong>75.</strong></span> <span class='ocrx_word' id='word_1_3' title='bbox 786 548 954 615; x_wconf 79' lang='lat' dir='ltr'><strong>Hypnum</strong></span> <span class='ocrx_word' id='word_1_4' title='bbox 978 549 1190 616; x_wconf 78' lang='lat' dir='ltr'><strong>turgescens.</strong></span> 
     </span>
     <span class='ocr_line' id='line_1_3' title="bbox 877 672 1015 744; baseline -0.014 -15"><span class='ocrx_word' id='word_1_5' title='bbox 877 672 926 744; x_wconf 83' lang='lat' dir='ltr'><strong>Sp.</strong></span> <span class='ocrx_word' id='word_1_6' title='bbox 948 687 1015 730; x_wconf 84' lang='lat' dir='ltr'><strong>nov.</strong></span> 
     </span>
    </p>
   </div>
   <div class='ocr_carea' id='block_1_3' title="bbox 310 795 1568 1821">
    <p class='ocr_par' dir='ltr' id='par_1_3' title="bbox 310 795 1568 1821">
     <span class='ocr_line' id='line_1_4' title="bbox 398 795 1559 883; baseline -0.005 -17"><span class='ocrx_word' id='word_1_7' title='bbox 398 799 556 882; x_wconf 85' lang='lat' dir='ltr'><strong>Caespitee</strong></span> <span class='ocrx_word' id='word_1_8' title='bbox 579 800 728 883; x_wconf 85' lang='lat' dir='ltr'><strong>protirndi,</strong></span> <span class='ocrx_word' id='word_1_9' title='bbox 752 802 968 877; x_wconf 80' lang='lat' dir='ltr'>tumescentes,</span> <span class='ocrx_word' id='word_1_10' title='bbox 992 799 1111 878; x_wconf 91' lang='lat' dir='ltr'><strong>molles,</strong></span> <span class='ocrx_word' id='word_1_11' title='bbox 1134 799 1421 864; x_wconf 80' lang='lat' dir='ltr'><strong>aureo-lutescentee</strong></span> <span class='ocrx_word' id='word_1_12' title='bbox 1436 797 1465 861; x_wconf 86' lang='lat' dir='ltr'><strong>et</strong></span> <span class='ocrx_word' id='word_1_13' title='bbox 1478 795 1559 860; x_wconf 77' lang='lat' dir='ltr'><strong>uiros·</strong></span> 
     </span>
     <span class='ocr_line' id='line_1_5' title="bbox 312 902 1562 986; baseline -0.003 -18"><span class='ocrx_word' id='word_1_14' title='bbox 312 905 424 969; x_wconf 88' lang='lat' dir='ltr'><strong>centes.</strong></span> <span class='ocrx_word' id='word_1_15' title='bbox 470 904 574 970; x_wconf 81' lang='lat' dir='ltr'><strong>Conlis</strong></span> <span class='ocrx_word' id='word_1_16' title='bbox 597 904 716 983; x_wconf 87' lang='lat' dir='ltr'><strong>tenuis,</strong></span> <span class='ocrx_word' id='word_1_17' title='bbox 739 906 878 981; x_wconf 86' lang='lat' dir='ltr'><strong>erectus,</strong></span> <span class='ocrx_word' id='word_1_18' title='bbox 901 903 1129 982; x_wconf 85' lang='lat' dir='ltr'><strong>eradicolosns,</strong></span> <span class='ocrx_word' id='word_1_19' title='bbox 1151 921 1240 986; x_wconf 87' lang='lat' dir='ltr'><strong>parce</strong></span> <span class='ocrx_word' id='word_1_20' title='bbox 1263 902 1562 985; x_wconf 66' lang='lat' dir='ltr'><strong>fastigatoramosus,</strong></span> 
     </span>
     <span class='ocr_line' id='line_1_6' title="bbox 312 1003 1563 1092; baseline -0.005 -20"><span class='ocrx_word' id='word_1_21' title='bbox 312 1006 393 1072; x_wconf 84' lang='lat' dir='ltr'><strong>loliis</strong></span> <span class='ocrx_word' id='word_1_22' title='bbox 416 1007 792 1092; x_wconf 87' lang='lat' dir='ltr'><strong>turgescentl·imbricatis</strong></span> <span class='ocrx_word' id='word_1_23' title='bbox 813 1009 962 1092; x_wconf 86' lang='lat' dir='ltr'><strong>jnlaoeus,</strong></span> <span class='ocrx_word' id='word_1_24' title='bbox 985 1008 1080 1073; x_wconf 89' lang='lat' dir='ltr'><strong>ramis</strong></span> <span class='ocrx_word' id='word_1_25' title='bbox 1096 1006 1287 1089; x_wconf 80' lang='lat' dir='ltr'><strong>simplicibus</strong></span> <span class='ocrx_word' id='word_1_26' title='bbox 1304 1005 1352 1070; x_wconf 85' lang='lat' dir='ltr'><strong>vel</strong></span> <span class='ocrx_word' id='word_1_27' title='bbox 1367 1003 1485 1069; x_wconf 86' lang='lat' dir='ltr'><strong>ramulis</strong></span> <span class='ocrx_word' id='word_1_28' title='bbox 1499 1021 1563 1084; x_wconf 87' lang='lat' dir='ltr'><strong>pan·</strong></span> 
     </span>
     <span class='ocr_line' id='line_1_7' title="bbox 311 1106 1564 1196; baseline -0.006 -19"><span class='ocrx_word' id='word_1_29' title='bbox 311 1110 355 1177; x_wconf 88' lang='lat' dir='ltr'><strong>cis</strong></span> <span class='ocrx_word' id='word_1_30' title='bbox 387 1111 598 1178; x_wconf 85' lang='lat' dir='ltr'><strong>crassiusculis</strong></span> <span class='ocrx_word' id='word_1_31' title='bbox 630 1113 771 1178; x_wconf 88' lang='lat' dir='ltr'><strong>brevibus</strong></span> <span class='ocrx_word' id='word_1_32' title='bbox 803 1113 836 1178; x_wconf 89' lang='lat' dir='ltr'><strong>et</strong></span> <span class='ocrx_word' id='word_1_33' title='bbox 866 1111 1057 1196; x_wconf 82' lang='lat' dir='ltr'><strong>longioribus</strong></span> <span class='ocrx_word' id='word_1_34' title='bbox 1086 1110 1254 1196; x_wconf 78' lang='lat' dir='ltr'><strong>gracilibus</strong></span> <span class='ocrx_word' id='word_1_35' title='bbox 1286 1107 1452 1174; x_wconf 87' lang='lat' dir='ltr'><strong>ramulosis.</strong></span> <span class='ocrx_word' id='word_1_36' title='bbox 1492 1106 1564 1171; x_wconf 81' lang='lat' dir='ltr'><strong>lolia</strong></span> 
     </span>
     <span class='ocr_line' id='line_1_8' title="bbox 311 1209 1565 1300; baseline -0.006 -21"><span class='ocrx_word' id='word_1_37' title='bbox 311 1214 427 1293; x_wconf 85' lang='lat' dir='ltr'><strong>nitide,</strong></span> <span class='ocrx_word' id='word_1_38' title='bbox 451 1216 513 1281; x_wconf 87' lang='lat' dir='ltr'><strong>late</strong></span> <span class='ocrx_word' id='word_1_39' title='bbox 536 1217 684 1300; x_wconf 89' lang='lat' dir='ltr'><strong>oblonga,</strong></span> <span class='ocrx_word' id='word_1_40' title='bbox 707 1216 854 1298; x_wconf 83' lang='lat' dir='ltr'><strong>profunde</strong></span> <span class='ocrx_word' id='word_1_41' title='bbox 876 1234 1023 1293; x_wconf 87' lang='lat' dir='ltr'><strong>concava,</strong></span> <span class='ocrx_word' id='word_1_42' title='bbox 1046 1215 1131 1299; x_wconf 84' lang='lat' dir='ltr'><strong>epioe</strong></span> <span class='ocrx_word' id='word_1_43' title='bbox 1153 1213 1374 1288; x_wconf 88' lang='lat' dir='ltr'><strong>snbcucnllnta,</strong></span> <span class='ocrx_word' id='word_1_44' title='bbox 1395 1211 1491 1276; x_wconf 82' lang='lat' dir='ltr'><strong>subito</strong></span> <span class='ocrx_word' id='word_1_45' title='bbox 1510 1209 1565 1272; x_wconf 90' lang='lat' dir='ltr'><strong>bre·</strong></span> 
     </span>
     <span class='ocr_line' id='line_1_9' title="bbox 311 1312 1566 1406; baseline -0.008 -20"><span class='ocrx_word' id='word_1_46' title='bbox 311 1319 437 1386; x_wconf 82' lang='lat' dir='ltr'><strong>riesime</strong></span> <span class='ocrx_word' id='word_1_47' title='bbox 459 1321 636 1404; x_wconf 74' lang='lat' dir='ltr'><strong>spiculata,</strong></span> <span class='ocrx_word' id='word_1_48' title='bbox 672 1322 810 1406; x_wconf 85' lang='lat' dir='ltr'><strong>margine</strong></span> <span class='ocrx_word' id='word_1_49' title='bbox 830 1323 931 1386; x_wconf 87' lang='lat' dir='ltr'><strong>erecto</strong></span> <span class='ocrx_word' id='word_1_50' title='bbox 952 1320 1173 1403; x_wconf 88' lang='lat' dir='ltr'><strong>integerrima,</strong></span> <span class='ocrx_word' id='word_1_51' title='bbox 1206 1319 1273 1384; x_wconf 87' lang='lat' dir='ltr'><strong>basi</strong></span> <span class='ocrx_word' id='word_1_52' title='bbox 1295 1319 1334 1384; x_wconf 87' lang='lat' dir='ltr'><strong>ed</strong></span> <span class='ocrx_word' id='word_1_53' title='bbox 1357 1315 1480 1400; x_wconf 85' lang='lat' dir='ltr'><strong>angulos</strong></span> <span class='ocrx_word' id='word_1_54' title='bbox 1499 1312 1566 1377; x_wconf 88' lang='lat' dir='ltr'><strong>band</strong></span> 
     </span>
     <span class='ocr_line' id='line_1_10' title="bbox 310 1417 1565 1504; baseline -0.006 -14"><span class='ocrx_word' id='word_1_55' title='bbox 310 1423 501 1490; x_wconf 86' lang='lat' dir='ltr'><strong>decurrentia</strong></span> <span class='ocrx_word' id='word_1_56' title='bbox 524 1444 579 1490; x_wconf 91' lang='lat' dir='ltr'><strong>nec</strong></span> <span class='ocrx_word' id='word_1_57' title='bbox 601 1427 765 1503; x_wconf 81' lang='lat' dir='ltr'><strong>excavata,</strong></span> <span class='ocrx_word' id='word_1_58' title='bbox 795 1427 881 1491; x_wconf 86' lang='lat' dir='ltr'><strong>coste</strong></span> <span class='ocrx_word' id='word_1_59' title='bbox 902 1424 989 1490; x_wconf 87' lang='lat' dir='ltr'><strong>brevi</strong></span> <span class='ocrx_word' id='word_1_60' title='bbox 1011 1423 1147 1500; x_wconf 83' lang='lat' dir='ltr'><strong>bifurca;</strong></span> <span class='ocrx_word' id='word_1_61' title='bbox 1170 1423 1247 1488; x_wconf 88' lang='lat' dir='ltr'><strong>retis</strong></span> <span class='ocrx_word' id='word_1_62' title='bbox 1269 1419 1446 1504; x_wconf 79' lang='lat' dir='ltr'><strong>perangusti</strong></span> <span class='ocrx_word' id='word_1_63' title='bbox 1465 1417 1565 1484; x_wconf 84' lang='lat' dir='ltr'><strong>areolae</strong></span> 
     </span>
     <span class='ocr_line' id='line_1_11' title="bbox 310 1521 1567 1612; baseline -0.006 -18"><span class='ocrx_word' id='word_1_64' title='bbox 310 1528 349 1594; x_wconf 85' lang='lat' dir='ltr'><strong>ed</strong></span> <span class='ocrx_word' id='word_1_65' title='bbox 372 1528 438 1594; x_wconf 87' lang='lat' dir='ltr'><strong>folii</strong></span> <span class='ocrx_word' id='word_1_66' title='bbox 462 1531 582 1611; x_wconf 89' lang='lat' dir='ltr'><strong>partem</strong></span> <span class='ocrx_word' id='word_1_67' title='bbox 606 1531 793 1611; x_wconf 90' lang='lat' dir='ltr'><strong>superiorem</strong></span> <span class='ocrx_word' id='word_1_68' title='bbox 816 1529 939 1594; x_wconf 88' lang='lat' dir='ltr'><strong>brevius</strong></span> <span class='ocrx_word' id='word_1_69' title='bbox 953 1526 1357 1612; x_wconf 73' lang='lat' dir='ltr'><strong>hexagonovermieulares,</strong></span> <span class='ocrx_word' id='word_1_70' title='bbox 1381 1542 1482 1590; x_wconf 84' lang='lat' dir='ltr'><strong>verena</strong></span> <span class='ocrx_word' id='word_1_71' title='bbox 1496 1521 1567 1586; x_wconf 85' lang='lat' dir='ltr'><strong>basin</strong></span> 
     </span>
     <span class='ocr_line' id='line_1_12' title="bbox 310 1624 1568 1717; baseline -0.004 -20"><span class='ocrx_word' id='word_1_72' title='bbox 310 1632 446 1711; x_wconf 87' lang='lat' dir='ltr'><strong>latiores,</strong></span> <span class='ocrx_word' id='word_1_73' title='bbox 470 1633 851 1717; x_wconf 84' lang='lat' dir='ltr'><strong>hexagono-rectangnlee,</strong></span> <span class='ocrx_word' id='word_1_74' title='bbox 875 1634 913 1698; x_wconf 90' lang='lat' dir='ltr'><strong>ad</strong></span> <span class='ocrx_word' id='word_1_75' title='bbox 936 1634 1065 1717; x_wconf 85' lang='lat' dir='ltr'><strong>angulos</strong></span> <span class='ocrx_word' id='word_1_76' title='bbox 1086 1633 1208 1698; x_wconf 82' lang='lat' dir='ltr'><strong>breuius</strong></span> <span class='ocrx_word' id='word_1_77' title='bbox 1223 1631 1379 1713; x_wconf 89' lang='lat' dir='ltr'><strong>latiusque</strong></span> <span class='ocrx_word' id='word_1_78' title='bbox 1394 1624 1568 1711; x_wconf 72' lang='lat' dir='ltr'><strong>recmngnlac</strong></span> 
     </span>
     <span class='ocr_line' id='line_1_13' title="bbox 312 1735 1330 1821; baseline -0.002 -19"><span class='ocrx_word' id='word_1_79' title='bbox 312 1737 344 1802; x_wconf 87' lang='lat' dir='ltr'><strong>et</strong></span> <span class='ocrx_word' id='word_1_80' title='bbox 368 1737 544 1819; x_wconf 79' lang='lat' dir='ltr'><strong>quadratae.</strong></span> <span class='ocrx_word' id='word_1_81' title='bbox 589 1739 696 1804; x_wconf 80' lang='lat' dir='ltr'><strong>Floras</strong></span> <span class='ocrx_word' id='word_1_82' title='bbox 719 1736 841 1804; x_wconf 82' lang='lat' dir='ltr'><strong>feminei</strong></span> <span class='ocrx_word' id='word_1_83' title='bbox 863 1738 922 1804; x_wconf 91' lang='lat' dir='ltr'><strong>soli</strong></span> <span class='ocrx_word' id='word_1_84' title='bbox 942 1738 1020 1817; x_wconf 93' lang='lat' dir='ltr'><strong>noti,</strong></span> <span class='ocrx_word' id='word_1_85' title='bbox 1042 1737 1165 1816; x_wconf 87' lang='lat' dir='ltr'><strong>minuti,</strong></span> <span class='ocrx_word' id='word_1_86' title='bbox 1187 1735 1330 1821; x_wconf 81' lang='lat' dir='ltr'><strong>graciles.</strong></span> 
     </span>
    </p>
   </div>
   <div class='ocr_carea' id='block_1_4' title="bbox 309 1848 1572 3103">
    <p class='ocr_par' dir='ltr' id='par_1_4' title="bbox 309 1848 1572 2985">
     <span class='ocr_line' id='line_1_14' title="bbox 397 1848 1568 1942; baseline -0.002 -20"><span class='ocrx_word' id='word_1_87' title='bbox 397 1859 506 1924; x_wconf 74' lang='lat' dir='ltr'><strong>Habet.</strong></span> <span class='ocrx_word' id='word_1_88' title='bbox 537 1859 568 1924; x_wconf 93' lang='lat' dir='ltr'><strong>in</strong></span> <span class='ocrx_word' id='word_1_89' title='bbox 590 1858 768 1942; x_wconf 84' lang='lat' dir='ltr'><strong>Herjedalie</strong></span> <span class='ocrx_word' id='word_1_90' title='bbox 799 1858 914 1924; x_wconf 88' lang='lat' dir='ltr'><strong>lectum</strong></span> <span class='ocrx_word' id='word_1_91' title='bbox 940 1859 1014 1924; x_wconf 87' lang='lat' dir='ltr'><strong>clar.</strong></span> <span class='ocrx_word' id='word_1_92' title='bbox 1038 1857 1070 1924; x_wconf 84' lang='grc' dir='ltr'><strong>Ο.</strong></span> <span class='ocrx_word' id='word_1_93' title='bbox 1094 1859 1254 1923; x_wconf 77' lang='lat' dir='ltr'><strong>Hrnnnnn</strong></span> <span class='ocrx_word' id='word_1_94' title='bbox 1276 1857 1365 1922; x_wconf 88' lang='lat' dir='ltr'><strong>dedit</strong></span> <span class='ocrx_word' id='word_1_95' title='bbox 1387 1873 1463 1922; x_wconf 83' lang='lat' dir='ltr'><strong>anno</strong></span> <span class='ocrx_word' id='word_1_96' title='bbox 1488 1848 1568 1920; x_wconf 71' lang='lat' dir='ltr'><strong>toln</strong></span> 
     </span>
     <span class='ocr_line' id='line_1_15' title="bbox 310 1959 1569 2048; baseline -0.008 -20"><span class='ocrx_word' id='word_1_97' title='bbox 310 1963 341 2028; x_wconf 93' lang='lat' dir='ltr'><strong>in</strong></span> <span class='ocrx_word' id='word_1_98' title='bbox 364 1963 520 2045; x_wconf 87' lang='lat' dir='ltr'><strong>paludosis</strong></span> <span class='ocrx_word' id='word_1_99' title='bbox 544 1963 700 2045; x_wconf 80' lang='lat' dir='ltr'><strong>profundis</strong></span> <span class='ocrx_word' id='word_1_100' title='bbox 722 1962 761 2029; x_wconf 87' lang='lat' dir='ltr'><strong>nd</strong></span> <span class='ocrx_word' id='word_1_101' title='bbox 784 1963 884 2029; x_wconf 86' lang='lat' dir='ltr'><strong>lacum</strong></span> <span class='ocrx_word' id='word_1_102' title='bbox 907 1963 1092 2028; x_wconf 88' lang='lat' dir='ltr'><strong>turieensem</strong></span> <span class='ocrx_word' id='word_1_103' title='bbox 1113 1961 1444 2048; x_wconf 82' lang='lat' dir='ltr'><strong>(Heusnsonwrnmr),</strong></span> <span class='ocrx_word' id='word_1_104' title='bbox 1465 1959 1494 2022; x_wconf 91' lang='lat' dir='ltr'><strong>in</strong></span> <span class='ocrx_word' id='word_1_105' title='bbox 1513 1973 1569 2037; x_wconf 88' lang='lat' dir='ltr'><strong>pra-</strong></span> 
     </span>
     <span class='ocr_line' id='line_1_16' title="bbox 309 2062 1570 2152; baseline -0.003 -22"><span class='ocrx_word' id='word_1_106' title='bbox 309 2067 351 2132; x_wconf 87' lang='lat' dir='ltr'><strong>tis</strong></span> <span class='ocrx_word' id='word_1_107' title='bbox 374 2067 535 2151; x_wconf 87' lang='lat' dir='ltr'><strong>uliginosis</strong></span> <span class='ocrx_word' id='word_1_108' title='bbox 559 2069 598 2132; x_wconf 85' lang='lat' dir='ltr'><strong>ed</strong></span> <span class='ocrx_word' id='word_1_109' title='bbox 621 2067 778 2152; x_wconf 76' lang='lat' dir='ltr'><strong>Kdoipsec</strong></span> <span class='ocrx_word' id='word_1_110' title='bbox 800 2086 892 2150; x_wconf 92' lang='lat' dir='ltr'><strong>propo</strong></span> <span class='ocrx_word' id='word_1_111' title='bbox 908 2068 953 2133; x_wconf 78' lang='lat' dir='ltr'><strong>Sl.</strong></span> <span class='ocrx_word' id='word_1_112' title='bbox 971 2067 1216 2132; x_wconf 71' lang='lat' dir='ltr'><strong>Bartholomaeus</strong></span> <span class='ocrx_word' id='word_1_113' title='bbox 1238 2067 1367 2150; x_wconf 80' lang='lat' dir='ltr'><strong>Alpium</strong></span> <span class='ocrx_word' id='word_1_114' title='bbox 1383 2062 1570 2130; x_wconf 74' lang='lat' dir='ltr'><strong>bavammrun</strong></span> 
     </span>
     <span class='ocr_line' id='line_1_17' title="bbox 310 2161 1570 2256; baseline -0.005 -20"><span class='ocrx_word' id='word_1_115' title='bbox 310 2171 475 2254; x_wconf 83' lang='lat' dir='ltr'><strong>(Monnnno</strong></span> <span class='ocrx_word' id='word_1_116' title='bbox 498 2174 530 2236; x_wconf 90' lang='lat' dir='ltr'><strong>et</strong></span> <span class='ocrx_word' id='word_1_117' title='bbox 551 2172 727 2251; x_wconf 83' lang='lat' dir='ltr'><strong>Lonsurzl,</strong></span> <span class='ocrx_word' id='word_1_118' title='bbox 750 2189 843 2254; x_wconf 92' lang='lat' dir='ltr'><strong>prope</strong></span> <span class='ocrx_word' id='word_1_119' title='bbox 866 2171 1083 2253; x_wconf 86' lang='lat' dir='ltr'><strong>Selisbnrgum</strong></span> <span class='ocrx_word' id='word_1_120' title='bbox 1106 2171 1299 2256; x_wconf 78' lang='lat' dir='ltr'><strong>(Bressos),</strong></span> <span class='ocrx_word' id='word_1_121' title='bbox 1334 2161 1570 2252; x_wconf 89' lang='lat' dir='ltr'><strong>pulcherrimein</strong></span> 
     </span>
     <span class='ocr_line' id='line_1_18' title="bbox 310 2269 1570 2360; baseline -0.004 -21"><span class='ocrx_word' id='word_1_122' title='bbox 310 2275 517 2360; x_wconf 73' lang='lat' dir='ltr'><strong>Ddraberycr</strong></span> <span class='ocrx_word' id='word_1_123' title='bbox 541 2275 634 2339; x_wconf 88' lang='lat' dir='ltr'><strong>Moor</strong></span> <span class='ocrx_word' id='word_1_124' title='bbox 666 2293 759 2358; x_wconf 91' lang='lat' dir='ltr'><strong>prope</strong></span> <span class='ocrx_word' id='word_1_125' title='bbox 783 2275 961 2340; x_wconf 80' lang='lat' dir='ltr'><strong>Neumarlct</strong></span> <span class='ocrx_word' id='word_1_126' title='bbox 984 2275 1125 2360; x_wconf 79' lang='lat' dir='ltr'><strong>styriae,</strong></span> <span class='ocrx_word' id='word_1_127' title='bbox 1158 2277 1191 2342; x_wconf 91' lang='lat' dir='ltr'><strong>et</strong></span> <span class='ocrx_word' id='word_1_128' title='bbox 1213 2295 1253 2341; x_wconf 91' lang='lat' dir='ltr'><strong>m.</strong></span> <span class='ocrx_word' id='word_1_129' title='bbox 1286 2274 1452 2340; x_wconf 81' lang='lat' dir='ltr'><strong>Windisclr</strong></span> <span class='ocrx_word' id='word_1_130' title='bbox 1474 2269 1570 2338; x_wconf 79' lang='lat' dir='ltr'><strong>llurd</strong></span> 
     </span>
     <span class='ocr_line' id='line_1_19' title="bbox 309 2366 1570 2464; baseline -0.006 -20"><span class='ocrx_word' id='word_1_131' title='bbox 309 2379 430 2464; x_wconf 83' lang='lat' dir='ltr'><strong>Tyrolis</strong></span> <span class='ocrx_word' id='word_1_132' title='bbox 453 2379 650 2464; x_wconf 82' lang='lat' dir='ltr'><strong>(Bnnrnnns),</strong></span> <span class='ocrx_word' id='word_1_133' title='bbox 674 2381 706 2444; x_wconf 89' lang='lat' dir='ltr'><strong>in</strong></span> <span class='ocrx_word' id='word_1_134' title='bbox 732 2366 887 2446; x_wconf 74' lang='lat' dir='ltr'><strong>Olondice</strong></span> <span class='ocrx_word' id='word_1_135' title='bbox 909 2380 941 2444; x_wconf 92' lang='lat' dir='ltr'><strong>in</strong></span> <span class='ocrx_word' id='word_1_136' title='bbox 963 2381 1080 2462; x_wconf 89' lang='lat' dir='ltr'><strong>campis</strong></span> <span class='ocrx_word' id='word_1_137' title='bbox 1102 2380 1242 2446; x_wconf 83' lang='lat' dir='ltr'><strong>calcariis</strong></span> <span class='ocrx_word' id='word_1_138' title='bbox 1265 2379 1473 2446; x_wconf 85' lang='lat' dir='ltr'><strong>sterilissimis</strong></span> <span class='ocrx_word' id='word_1_139' title='bbox 1495 2375 1570 2440; x_wconf 82' lang='lat' dir='ltr'><strong>Atro·</strong></span> 
     </span>
     <span class='ocr_line' id='line_1_20' title="bbox 309 2479 1567 2568; baseline -0.001 -21"><span class='ocrx_word' id='word_1_140' title='bbox 309 2505 366 2548; x_wconf 83' lang='lat' dir='ltr'><strong>ren</strong></span> <span class='ocrx_word' id='word_1_141' title='bbox 388 2483 500 2561; x_wconf 86' lang='lat' dir='ltr'><strong>dictis,</strong></span> <span class='ocrx_word' id='word_1_142' title='bbox 536 2503 629 2566; x_wconf 92' lang='lat' dir='ltr'><strong>prope</strong></span> <span class='ocrx_word' id='word_1_143' title='bbox 653 2485 801 2566; x_wconf 91' lang='lat' dir='ltr'><strong>templum</strong></span> <span class='ocrx_word' id='word_1_144' title='bbox 824 2485 937 2549; x_wconf 84' lang='lat' dir='ltr'><strong>Reamo</strong></span> <span class='ocrx_word' id='word_1_145' title='bbox 960 2485 1004 2566; x_wconf 89' lang='lat' dir='ltr'><strong>(J.</strong></span> <span class='ocrx_word' id='word_1_146' title='bbox 1028 2484 1064 2548; x_wconf 76' lang='lat' dir='ltr'><strong>d.</strong></span> <span class='ocrx_word' id='word_1_147' title='bbox 1089 2484 1338 2568; x_wconf 72' lang='lat' dir='ltr'><strong>Zernensium),</strong></span> <span class='ocrx_word' id='word_1_148' title='bbox 1363 2485 1398 2548; x_wconf 94' lang='lat' dir='ltr'><strong>in</strong></span> <span class='ocrx_word' id='word_1_149' title='bbox 1419 2479 1567 2562; x_wconf 69' lang='lat' dir='ltr'><strong>Norsegirr</strong></span> 
     </span>
     <span class='ocr_line' id='line_1_21' title="bbox 309 2579 1570 2674; baseline -0.003 -22"><span class='ocrx_word' id='word_1_150' title='bbox 309 2587 464 2671; x_wconf 86' lang='lat' dir='ltr'><strong>provincia</strong></span> <span class='ocrx_word' id='word_1_151' title='bbox 486 2588 595 2653; x_wconf 81' lang='lat' dir='ltr'><strong>Nasae</strong></span> <span class='ocrx_word' id='word_1_152' title='bbox 607 2637 618 2672; x_wconf 83' lang='lat'><strong>,</strong></span> <span class='ocrx_word' id='word_1_153' title='bbox 640 2588 679 2655; x_wconf 88' lang='lat' dir='ltr'><strong>ad</strong></span> <span class='ocrx_word' id='word_1_154' title='bbox 702 2589 844 2674; x_wconf 78' lang='lat' dir='ltr'><strong>Lyglb&#39;cn</strong></span> <span class='ocrx_word' id='word_1_155' title='bbox 867 2589 943 2672; x_wconf 85' lang='lat' dir='ltr'>(Ax.</span> <span class='ocrx_word' id='word_1_156' title='bbox 959 2588 1087 2672; x_wconf 74' lang='lat' dir='ltr'><strong>Boron),</strong></span> <span class='ocrx_word' id='word_1_157' title='bbox 1110 2588 1142 2652; x_wconf 92' lang='lat' dir='ltr'><strong>in</strong></span> <span class='ocrx_word' id='word_1_158' title='bbox 1165 2588 1245 2670; x_wconf 87' lang='lat' dir='ltr'><strong>Alpe</strong></span> <span class='ocrx_word' id='word_1_159' title='bbox 1267 2587 1473 2672; x_wconf 64' lang='lat' dir='ltr'><strong>Docrcffiedd,</strong></span> <span class='ocrx_word' id='word_1_160' title='bbox 1494 2579 1570 2668; x_wconf 81' lang='lat' dir='ltr'><strong>pluri·</strong></span> 
     </span>
     <span class='ocr_line' id='line_1_22' title="bbox 309 2687 1572 2776; baseline -0.004 -18"><span class='ocrx_word' id='word_1_161' title='bbox 309 2693 366 2758; x_wconf 91' lang='lat' dir='ltr'><strong>bns</strong></span> <span class='ocrx_word' id='word_1_162' title='bbox 388 2692 463 2758; x_wconf 89' lang='lat' dir='ltr'><strong>locis</strong></span> <span class='ocrx_word' id='word_1_163' title='bbox 486 2693 693 2776; x_wconf 74' lang='lat' dir='ltr'><strong>(Bursaonum),</strong></span> <span class='ocrx_word' id='word_1_164' title='bbox 717 2693 755 2758; x_wconf 87' lang='lat' dir='ltr'><strong>ad</strong></span> <span class='ocrx_word' id='word_1_165' title='bbox 777 2693 930 2757; x_wconf 80' lang='lat' dir='ltr'><strong>fossarum</strong></span> <span class='ocrx_word' id='word_1_166' title='bbox 952 2692 1035 2774; x_wconf 80' lang='lat' dir='ltr'><strong>ripas</strong></span> <span class='ocrx_word' id='word_1_167' title='bbox 1057 2692 1089 2756; x_wconf 93' lang='lat' dir='ltr'><strong>in</strong></span> <span class='ocrx_word' id='word_1_168' title='bbox 1112 2692 1240 2774; x_wconf 89' lang='lat' dir='ltr'><strong>planitie</strong></span> <span class='ocrx_word' id='word_1_169' title='bbox 1261 2693 1301 2758; x_wconf 90' lang='lat' dir='ltr'><strong>ad</strong></span> <span class='ocrx_word' id='word_1_170' title='bbox 1324 2694 1429 2758; x_wconf 86' lang='lat' dir='ltr'><strong>lacum</strong></span> <span class='ocrx_word' id='word_1_171' title='bbox 1450 2687 1572 2756; x_wconf 85' lang='lat' dir='ltr'><strong>Pedani·</strong></span> 
     </span>
     <span class='ocr_line' id='line_1_23' title="bbox 309 2794 1570 2881; baseline -0.004 -21"><span class='ocrx_word' id='word_1_172' title='bbox 309 2813 378 2860; x_wconf 91' lang='lat' dir='ltr'><strong>cum</strong></span> <span class='ocrx_word' id='word_1_173' title='bbox 394 2794 552 2881; x_wconf 81' lang='lat' dir='ltr'><strong>(Coenon),</strong></span> <span class='ocrx_word' id='word_1_174' title='bbox 575 2796 606 2860; x_wconf 95' lang='lat' dir='ltr'><strong>in</strong></span> <span class='ocrx_word' id='word_1_175' title='bbox 629 2796 783 2878; x_wconf 79' lang='lat' dir='ltr'><strong>paludosis</strong></span> <span class='ocrx_word' id='word_1_176' title='bbox 807 2815 852 2878; x_wconf 91' lang='lat' dir='ltr'><strong>pr.</strong></span> <span class='ocrx_word' id='word_1_177' title='bbox 871 2795 1003 2860; x_wconf 82' lang='lat' dir='ltr'><strong>Clareaa</strong></span> <span class='ocrx_word' id='word_1_178' title='bbox 1024 2794 1062 2862; x_wconf 91' lang='lat' dir='ltr'><strong>ad</strong></span> <span class='ocrx_word' id='word_1_179' title='bbox 1078 2795 1178 2860; x_wconf 89' lang='lat' dir='ltr'><strong>lacum</strong></span> <span class='ocrx_word' id='word_1_180' title='bbox 1194 2795 1366 2860; x_wconf 81' lang='lat' dir='ltr'><strong>Lemonum</strong></span> <span class='ocrx_word' id='word_1_181' title='bbox 1381 2795 1570 2880; x_wconf 80' lang='lat' dir='ltr'><strong>(Pnnrsrnrl.</strong></span> 
     </span>
     <span class='ocr_line' id='line_1_24' title="bbox 309 2898 942 2985; baseline -0.002 -21"><span class='ocrx_word' id='word_1_182' title='bbox 309 2899 347 2964; x_wconf 94' lang='lat' dir='ltr'><strong>In</strong></span> <span class='ocrx_word' id='word_1_183' title='bbox 371 2899 572 2985; x_wconf 73' lang='lat' dir='ltr'><strong>Spilzborpen</strong></span> <span class='ocrx_word' id='word_1_184' title='bbox 594 2900 676 2966; x_wconf 90' lang='lat' dir='ltr'><strong>haud</strong></span> <span class='ocrx_word' id='word_1_185' title='bbox 698 2918 769 2966; x_wconf 90' lang='lat' dir='ltr'><strong>raro</strong></span> <span class='ocrx_word' id='word_1_186' title='bbox 791 2898 942 2982; x_wconf 84' lang='lat' dir='ltr'><strong>provenit.</strong></span> 
     </span>
    </p>

    <p class='ocr_par' dir='ltr' id='par_1_5' title="bbox 396 3025 1571 3103">
     <span class='ocr_line' id='line_1_25' title="bbox 396 3025 1571 3103; baseline -0.007 -17"><span class='ocrx_word' id='word_1_187' title='bbox 396 3028 484 3086; x_wconf 87' lang='lat' dir='ltr'><strong>Sedes</strong></span> <span class='ocrx_word' id='word_1_188' title='bbox 506 3029 627 3102; x_wconf 88' lang='lat' dir='ltr'><strong>hujusce</strong></span> <span class='ocrx_word' id='word_1_189' title='bbox 651 3027 757 3102; x_wconf 89' lang='lat' dir='ltr'><strong>speciei</strong></span> <span class='ocrx_word' id='word_1_190' title='bbox 780 3027 992 3102; x_wconf 85' lang='lat' dir='ltr'><strong>pulcherrimae</strong></span> <span class='ocrx_word' id='word_1_191' title='bbox 1008 3027 1038 3086; x_wconf 89' lang='lat' dir='ltr'><strong>in</strong></span> <span class='ocrx_word' id='word_1_192' title='bbox 1055 3025 1231 3103; x_wconf 75' lang='lat' dir='ltr'><strong>Hyprromcm</strong></span> <span class='ocrx_word' id='word_1_193' title='bbox 1253 3027 1326 3086; x_wconf 85' lang='lat' dir='ltr'><strong>serio</strong></span> <span class='ocrx_word' id='word_1_194' title='bbox 1351 3027 1449 3086; x_wconf 86' lang='lat' dir='ltr'><strong>adhuc</strong></span> <span class='ocrx_word' id='word_1_195' title='bbox 1470 3027 1571 3084; x_wconf 76' lang='lat' dir='ltr'><strong>incedo.</strong></span> 
     </span>
    </p>
   </div>
   <div class='ocr_carea' id='block_1_5' title="bbox 309 3113 1570 3275">
    <p class='ocr_par' dir='ltr' id='par_1_6' title="bbox 309 3113 1570 3275">
     <span class='ocr_line' id='line_1_26' title="bbox 396 3113 1570 3188; baseline -0.003 -16"><span class='ocrx_word' id='word_1_196' title='bbox 396 3115 466 3173; x_wconf 90' lang='lat' dir='ltr'><strong>Plus</strong></span> <span class='ocrx_word' id='word_1_197' title='bbox 489 3116 584 3174; x_wconf 90' lang='lat' dir='ltr'><strong>minus</strong></span> <span class='ocrx_word' id='word_1_198' title='bbox 607 3117 694 3174; x_wconf 88' lang='lat' dir='ltr'><strong>dense</strong></span> <span class='ocrx_word' id='word_1_199' title='bbox 717 3115 869 3186; x_wconf 88' lang='lat' dir='ltr'><strong>foliosnm;</strong></span> <span class='ocrx_word' id='word_1_200' title='bbox 892 3115 986 3174; x_wconf 84' lang='lat' dir='ltr'><strong>forma</strong></span> <span class='ocrx_word' id='word_1_201' title='bbox 1008 3113 1141 3172; x_wconf 85' lang='lat' dir='ltr'><strong>laxilolia</strong></span> <span class='ocrx_word' id='word_1_202' title='bbox 1156 3131 1210 3188; x_wconf 91' lang='lat' dir='ltr'><strong>pro</strong></span> <span class='ocrx_word' id='word_1_203' title='bbox 1226 3131 1303 3174; x_wconf 90' lang='lat' dir='ltr'><strong>more</strong></span> <span class='ocrx_word' id='word_1_204' title='bbox 1319 3115 1498 3174; x_wconf 81' lang='lat' dir='ltr'><strong>viridescens</strong></span> <span class='ocrx_word' id='word_1_205' title='bbox 1518 3127 1570 3184; x_wconf 81' lang='lat' dir='ltr'><strong>pro</strong></span> 
     </span>
     <span class='ocr_line' id='line_1_27' title="bbox 309 3201 1143 3275; baseline 0 -15"><span class='ocrx_word' id='word_1_206' title='bbox 309 3202 397 3274; x_wconf 87' lang='lat' dir='ltr'><strong>venit,</strong></span> <span class='ocrx_word' id='word_1_207' title='bbox 421 3202 585 3274; x_wconf 81' lang='lat' dir='ltr'><strong>densilolia‚</strong></span> <span class='ocrx_word' id='word_1_208' title='bbox 608 3205 719 3275; x_wconf 86' lang='lat' dir='ltr'><strong>contre,</strong></span> <span class='ocrx_word' id='word_1_209' title='bbox 741 3203 887 3262; x_wconf 72' lang='lat' dir='ltr'><strong>lucescens</strong></span> <span class='ocrx_word' id='word_1_210' title='bbox 910 3201 957 3260; x_wconf 85' lang='lat' dir='ltr'><strong>vol</strong></span> <span class='ocrx_word' id='word_1_211' title='bbox 979 3218 1143 3261; x_wconf 86' lang='lat' dir='ltr'><strong>aurescens.</strong></span> 
     </span>
    </p>
   </div>
   <div class='ocr_carea' id='block_1_6' title="bbox 747 3391 1147 3460">
    <p class='ocr_par' dir='ltr' id='par_1_7' title="bbox 747 3391 1147 3460">
     <span class='ocr_line' id='line_1_28' title="bbox 747 3391 1147 3460; baseline -0.003 -12"><span class='ocrx_word' id='word_1_212' title='bbox 747 3394 798 3448; x_wconf 79' lang='grc'><strong>76.</strong></span> <span class='ocrx_word' id='word_1_213' title='bbox 831 3392 999 3460; x_wconf 79' lang='lat' dir='ltr'><strong>Hypnum</strong></span> <span class='ocrx_word' id='word_1_214' title='bbox 1020 3391 1147 3448; x_wconf 80' lang='lat' dir='ltr'><strong>nivale.</strong></span> 
     </span>
    </p>
   </div>
   <div class='ocr_carea' id='block_1_7' title="bbox 726 3513 1170 3574">
    <p class='ocr_par' dir='ltr' id='par_1_8' title="bbox 726 3513 1170 3574">
     <span class='ocr_line' id='line_1_29' title="bbox 726 3513 1170 3574; baseline -0.002 -2"><span class='ocrx_word' id='word_1_215' title='bbox 726 3515 860 3573; x_wconf 83' lang='lat' dir='ltr'><strong>Lounnnr</strong></span> <span class='ocrx_word' id='word_1_216' title='bbox 892 3514 1051 3574; x_wconf 84' lang='lat' dir='ltr'><strong>Moosstud.</strong></span> <span class='ocrx_word' id='word_1_217' title='bbox 1077 3513 1170 3572; x_wconf 84' lang='lat'>1864.</span> 
     </span>
    </p>
   </div>
   <div class='ocr_carea' id='block_1_8' title="bbox 305 3625 1571 4757">
    <p class='ocr_par' dir='ltr' id='par_1_9' title="bbox 305 3625 1571 4757">
     <span class='ocr_line' id='line_1_30' title="bbox 395 3625 1571 3712; baseline -0.005 -16"><span class='ocrx_word' id='word_1_218' title='bbox 395 3629 551 3712; x_wconf 82' lang='lat' dir='ltr'><strong>Caespites</strong></span> <span class='ocrx_word' id='word_1_219' title='bbox 575 3627 710 3707; x_wconf 86' lang='lat' dir='ltr'><strong>demissi,</strong></span> <span class='ocrx_word' id='word_1_220' title='bbox 733 3629 824 3712; x_wconf 89' lang='lat' dir='ltr'><strong>longe</strong></span> <span class='ocrx_word' id='word_1_221' title='bbox 847 3629 968 3710; x_wconf 85' lang='lat' dir='ltr'><strong>lateque</strong></span> <span class='ocrx_word' id='word_1_222' title='bbox 986 3630 1117 3708; x_wconf 82' lang='lat' dir='ltr'><strong>extensi,</strong></span> <span class='ocrx_word' id='word_1_223' title='bbox 1140 3629 1261 3708; x_wconf 92' lang='lat' dir='ltr'><strong>molles,</strong></span> <span class='ocrx_word' id='word_1_224' title='bbox 1283 3625 1571 3696; x_wconf 65' lang='lat' dir='ltr'><strong>lucescens-virides</strong></span> 
     </span>
     <span class='ocr_line' id='line_1_31' title="bbox 306 3729 1569 3820; baseline -0.006 -19"><span class='ocrx_word' id='word_1_225' title='bbox 306 3735 449 3801; x_wconf 87' lang='lat' dir='ltr'><strong>radiculis</strong></span> <span class='ocrx_word' id='word_1_226' title='bbox 473 3733 597 3799; x_wconf 93' lang='lat' dir='ltr'><strong>omnino</strong></span> <span class='ocrx_word' id='word_1_227' title='bbox 620 3733 713 3799; x_wconf 90' lang='lat' dir='ltr'><strong>nullis</strong></span> <span class='ocrx_word' id='word_1_228' title='bbox 736 3733 906 3799; x_wconf 83' lang='lat' dir='ltr'><strong>interteuti.</strong></span> <span class='ocrx_word' id='word_1_229' title='bbox 953 3733 1085 3802; x_wconf 80' lang='lat' dir='ltr'><strong>Plantae</strong></span> <span class='ocrx_word' id='word_1_230' title='bbox 1107 3734 1231 3800; x_wconf 87' lang='lat' dir='ltr'><strong>centim.</strong></span> <span class='ocrx_word' id='word_1_231' title='bbox 1255 3735 1340 3799; x_wconf 82' lang='grc'><strong>2-5</strong></span> <span class='ocrx_word' id='word_1_232' title='bbox 1364 3736 1484 3820; x_wconf 86' lang='lat' dir='ltr'><strong>longae,</strong></span> <span class='ocrx_word' id='word_1_233' title='bbox 1505 3729 1569 3796; x_wconf 93' lang='lat' dir='ltr'><strong>mol·</strong></span> 
     </span>
     <span class='ocr_line' id='line_1_32' title="bbox 306 3834 1569 3920; baseline -0.004 -15"><span class='ocrx_word' id='word_1_234' title='bbox 306 3842 370 3916; x_wconf 89' lang='lat' dir='ltr'><strong>les,</strong></span> <span class='ocrx_word' id='word_1_235' title='bbox 402 3838 440 3904; x_wconf 89' lang='lat' dir='ltr'><strong>ad</strong></span> <span class='ocrx_word' id='word_1_236' title='bbox 463 3837 550 3902; x_wconf 84' lang='lat' dir='ltr'><strong>basin</strong></span> <span class='ocrx_word' id='word_1_237' title='bbox 573 3856 669 3920; x_wconf 91' lang='lat' dir='ltr'><strong>usque</strong></span> <span class='ocrx_word' id='word_1_238' title='bbox 691 3837 834 3916; x_wconf 88' lang='lat' dir='ltr'><strong>lbliosae,</strong></span> <span class='ocrx_word' id='word_1_239' title='bbox 859 3837 946 3902; x_wconf 85' lang='lat' dir='ltr'><strong>valde</strong></span> <span class='ocrx_word' id='word_1_240' title='bbox 970 3836 1139 3917; x_wconf 80' lang='lat' dir='ltr'><strong>flexuosae,</strong></span> <span class='ocrx_word' id='word_1_241' title='bbox 1172 3857 1262 3920; x_wconf 85' lang='lat' dir='ltr'><strong>parce</strong></span> <span class='ocrx_word' id='word_1_242' title='bbox 1283 3857 1436 3918; x_wconf 84' lang='lat' dir='ltr'><strong>ramosae,</strong></span> <span class='ocrx_word' id='word_1_243' title='bbox 1460 3834 1569 3904; x_wconf 83' lang='lat' dir='ltr'><strong>randis</strong></span> 
     </span>
     <span class='ocr_line' id='line_1_33' title="bbox 306 3939 1569 4029; baseline -0.004 -22"><span class='ocrx_word' id='word_1_244' title='bbox 306 3940 386 4008; x_wconf 90' lang='lat' dir='ltr'><strong>raris</strong></span> <span class='ocrx_word' id='word_1_245' title='bbox 409 3940 544 4006; x_wconf 71' lang='lat' dir='ltr'><strong>curtulis</strong></span> <span class='ocrx_word' id='word_1_246' title='bbox 566 3961 583 4006; x_wconf 94' lang='lat' dir='ltr'><strong>e</strong></span> <span class='ocrx_word' id='word_1_247' title='bbox 607 3941 674 4008; x_wconf 89' lang='lat' dir='ltr'><strong>basi</strong></span> <span class='ocrx_word' id='word_1_248' title='bbox 697 3941 781 4008; x_wconf 86' lang='lat' dir='ltr'><strong>tenui</strong></span> <span class='ocrx_word' id='word_1_249' title='bbox 801 3941 939 4024; x_wconf 86' lang='lat' dir='ltr'><strong>julaceis,</strong></span> <span class='ocrx_word' id='word_1_250' title='bbox 963 3942 1011 4006; x_wconf 91' lang='lat' dir='ltr'><strong>vel</strong></span> <span class='ocrx_word' id='word_1_251' title='bbox 1037 3942 1224 4025; x_wconf 90' lang='lat' dir='ltr'><strong>longioribus</strong></span> <span class='ocrx_word' id='word_1_252' title='bbox 1247 3941 1472 4029; x_wconf 75' lang='lat' dir='ltr'><strong>micropbyllis.</strong></span> <span class='ocrx_word' id='word_1_253' title='bbox 1499 3939 1569 4006; x_wconf 80' lang='lat' dir='ltr'><strong>Folia</strong></span> 
     </span>
     <span class='ocr_line' id='line_1_34' title="bbox 307 4043 1568 4128; baseline 0.002 -16"><span class='ocrx_word' id='word_1_254' title='bbox 307 4044 383 4112; x_wconf 82' lang='lat' dir='ltr'><strong>satis</strong></span> <span class='ocrx_word' id='word_1_255' title='bbox 407 4047 562 4126; x_wconf 85' lang='lat' dir='ltr'><strong>conferta,</strong></span> <span class='ocrx_word' id='word_1_256' title='bbox 587 4047 845 4128; x_wconf 85' lang='lat' dir='ltr'><strong>erecto-petentia</strong></span> <span class='ocrx_word' id='word_1_257' title='bbox 868 4047 917 4113; x_wconf 86' lang='lat' dir='ltr'><strong>vel</strong></span> <span class='ocrx_word' id='word_1_258' title='bbox 939 4046 1008 4112; x_wconf 85' lang='lat' dir='ltr'><strong>lere</strong></span> <span class='ocrx_word' id='word_1_259' title='bbox 1031 4047 1211 4124; x_wconf 86' lang='lat' dir='ltr'><strong>imbricata,</strong></span> <span class='ocrx_word' id='word_1_260' title='bbox 1235 4047 1359 4125; x_wconf 90' lang='lat' dir='ltr'><strong>mollia,</strong></span> <span class='ocrx_word' id='word_1_261' title='bbox 1389 4043 1568 4115; x_wconf 76' lang='lat' dir='ltr'><strong>seruientia</strong></span> 
     </span>
     <span class='ocr_line' id='line_1_35' title="bbox 306 4149 1568 4234; baseline -0.007 -17"><span class='ocrx_word' id='word_1_262' title='bbox 306 4151 546 4234; x_wconf 83' lang='lat' dir='ltr'><strong>dvali-oblonga,</strong></span> <span class='ocrx_word' id='word_1_263' title='bbox 569 4151 836 4227; x_wconf 85' lang='lat' dir='ltr'><strong>inflato-concava,</strong></span> <span class='ocrx_word' id='word_1_264' title='bbox 861 4149 999 4234; x_wconf 88' lang='lat' dir='ltr'><strong>margine</strong></span> <span class='ocrx_word' id='word_1_265' title='bbox 1022 4153 1116 4228; x_wconf 86' lang='lat' dir='ltr'><strong>recto,</strong></span> <span class='ocrx_word' id='word_1_266' title='bbox 1140 4149 1225 4234; x_wconf 85' lang='lat' dir='ltr'><strong>apice</strong></span> <span class='ocrx_word' id='word_1_267' title='bbox 1247 4151 1358 4218; x_wconf 88' lang='lat' dir='ltr'><strong>obtuso</strong></span> <span class='ocrx_word' id='word_1_268' title='bbox 1381 4151 1431 4218; x_wconf 85' lang='lat' dir='ltr'><strong>vel</strong></span> <span class='ocrx_word' id='word_1_269' title='bbox 1453 4149 1568 4215; x_wconf 72' lang='lat' dir='ltr'><strong>breviter</strong></span> 
     </span>
     <span class='ocr_line' id='line_1_36' title="bbox 305 4253 1566 4338; baseline -0.002 -19"><span class='ocrx_word' id='word_1_270' title='bbox 305 4255 427 4337; x_wconf 86' lang='lat' dir='ltr'><strong>lateque</strong></span> <span class='ocrx_word' id='word_1_271' title='bbox 451 4255 626 4321; x_wconf 84' lang='lat' dir='ltr'><strong>acuminato</strong></span> <span class='ocrx_word' id='word_1_272' title='bbox 648 4254 759 4320; x_wconf 86' lang='lat' dir='ltr'><strong>inflexo</strong></span> <span class='ocrx_word' id='word_1_273' title='bbox 782 4254 945 4335; x_wconf 81' lang='lat' dir='ltr'><strong>cucullata,</strong></span> <span class='ocrx_word' id='word_1_274' title='bbox 970 4255 1052 4319; x_wconf 89' lang='lat' dir='ltr'><strong>basis</strong></span> <span class='ocrx_word' id='word_1_275' title='bbox 1077 4254 1200 4338; x_wconf 82' lang='lat' dir='ltr'><strong>angulis</strong></span> <span class='ocrx_word' id='word_1_276' title='bbox 1223 4255 1334 4322; x_wconf 86' lang='lat' dir='ltr'><strong>leviter</strong></span> <span class='ocrx_word' id='word_1_277' title='bbox 1355 4253 1566 4321; x_wconf 66' lang='lat' dir='ltr'><strong>decurrentibus</strong></span> 
     </span>
     <span class='ocr_line' id='line_1_37' title="bbox 306 4354 1565 4443; baseline -0.001 -18"><span class='ocrx_word' id='word_1_278' title='bbox 306 4359 593 4442; x_wconf 77' lang='lat' dir='ltr'><strong>plano-excavatis3</strong></span> <span class='ocrx_word' id='word_1_279' title='bbox 626 4359 712 4424; x_wconf 86' lang='lat' dir='ltr'><strong>costa</strong></span> <span class='ocrx_word' id='word_1_280' title='bbox 735 4357 836 4436; x_wconf 84' lang='lat' dir='ltr'><strong>flava,</strong></span> <span class='ocrx_word' id='word_1_281' title='bbox 859 4377 1053 4440; x_wconf 85' lang='lat' dir='ltr'><strong>compressa,</strong></span> <span class='ocrx_word' id='word_1_282' title='bbox 1076 4359 1179 4424; x_wconf 90' lang='lat' dir='ltr'><strong>mollis</strong></span> <span class='ocrx_word' id='word_1_283' title='bbox 1203 4378 1309 4426; x_wconf 80' lang='lat' dir='ltr'><strong>rerem</strong></span> <span class='ocrx_word' id='word_1_284' title='bbox 1330 4359 1450 4443; x_wconf 86' lang='lat' dir='ltr'><strong>apicem</strong></span> <span class='ocrx_word' id='word_1_285' title='bbox 1471 4354 1565 4424; x_wconf 74' lang='lat' dir='ltr'><strong>senaim</strong></span> 
     </span>
     <span class='ocr_line' id='line_1_38' title="bbox 307 4457 1565 4549; baseline -0.006 -20"><span class='ocrx_word' id='word_1_286' title='bbox 307 4463 424 4540; x_wconf 72' lang='lat' dir='ltr'><strong>soluta,</strong></span> <span class='ocrx_word' id='word_1_287' title='bbox 456 4463 533 4527; x_wconf 90' lang='lat' dir='ltr'><strong>retis</strong></span> <span class='ocrx_word' id='word_1_288' title='bbox 562 4463 663 4527; x_wconf 86' lang='lat' dir='ltr'><strong>tenuis</strong></span> <span class='ocrx_word' id='word_1_289' title='bbox 685 4462 786 4527; x_wconf 86' lang='lat' dir='ltr'><strong>minos</strong></span> <span class='ocrx_word' id='word_1_290' title='bbox 809 4462 894 4529; x_wconf 90' lang='lat' dir='ltr'><strong>densi</strong></span> <span class='ocrx_word' id='word_1_291' title='bbox 917 4462 1037 4528; x_wconf 84' lang='lat' dir='ltr'><strong>areolae</strong></span> <span class='ocrx_word' id='word_1_292' title='bbox 1059 4462 1230 4546; x_wconf 90' lang='lat' dir='ltr'><strong>superiores</strong></span> <span class='ocrx_word' id='word_1_293' title='bbox 1252 4457 1565 4549; x_wconf 81' lang='lat' dir='ltr'><strong>hexagono-rhomboi-</strong></span> 
     </span>
     <span class='ocr_line' id='line_1_39' title="bbox 307 4561 1564 4651; baseline -0.004 -18"><span class='ocrx_word' id='word_1_294' title='bbox 307 4568 390 4645; x_wconf 89' lang='lat' dir='ltr'><strong>deae,</strong></span> <span class='ocrx_word' id='word_1_295' title='bbox 412 4567 505 4649; x_wconf 90' lang='lat' dir='ltr'><strong>duplo</strong></span> <span class='ocrx_word' id='word_1_296' title='bbox 527 4567 679 4650; x_wconf 87' lang='lat' dir='ltr'><strong>longiores</strong></span> <span class='ocrx_word' id='word_1_297' title='bbox 702 4585 793 4649; x_wconf 88' lang='lat' dir='ltr'><strong>quem</strong></span> <span class='ocrx_word' id='word_1_298' title='bbox 816 4566 854 4632; x_wconf 86' lang='lat' dir='ltr'><strong>ad</strong></span> <span class='ocrx_word' id='word_1_299' title='bbox 877 4566 1010 4632; x_wconf 91' lang='lat' dir='ltr'><strong>medium</strong></span> <span class='ocrx_word' id='word_1_300' title='bbox 1033 4566 1127 4646; x_wconf 84' lang='lat' dir='ltr'><strong>latae,</strong></span> <span class='ocrx_word' id='word_1_301' title='bbox 1151 4567 1219 4634; x_wconf 88' lang='lat' dir='ltr'><strong>basi</strong></span> <span class='ocrx_word' id='word_1_302' title='bbox 1240 4567 1372 4651; x_wconf 88' lang='lat' dir='ltr'><strong>majores</strong></span> <span class='ocrx_word' id='word_1_303' title='bbox 1396 4561 1564 4650; x_wconf 77' lang='lat' dir='ltr'><strong>longdmde</strong></span> 
     </span>
     <span class='ocr_line' id='line_1_40' title="bbox 306 4669 1564 4757; baseline -0.002 -20"><span class='ocrx_word' id='word_1_304' title='bbox 306 4670 688 4757; x_wconf 82' lang='lat' dir='ltr'><strong>hexagono-rectangulee,</strong></span> <span class='ocrx_word' id='word_1_305' title='bbox 709 4671 749 4736; x_wconf 88' lang='lat' dir='ltr'><strong>ad</strong></span> <span class='ocrx_word' id='word_1_306' title='bbox 771 4669 900 4755; x_wconf 82' lang='lat' dir='ltr'><strong>angulos</strong></span> <span class='ocrx_word' id='word_1_307' title='bbox 923 4673 1096 4757; x_wconf 84' lang='lat' dir='ltr'><strong>marginem</strong></span> <span class='ocrx_word' id='word_1_308' title='bbox 1117 4671 1314 4740; x_wconf 85' lang='lat' dir='ltr'><strong>ascendentes</strong></span> <span class='ocrx_word' id='word_1_309' title='bbox 1336 4673 1386 4738; x_wconf 87' lang='lat' dir='ltr'><strong>sat</strong></span> <span class='ocrx_word' id='word_1_310' title='bbox 1405 4683 1564 4738; x_wconf 67' lang='lat' dir='ltr'><strong>numerosae</strong></span> 
     </span>
    </p>
   </div>
   <div class='ocr_carea' id='block_1_9' title="bbox 0 0 1663 5262">
    <p class='ocr_par' dir='ltr' id='par_1_10' title="bbox 0 0 1663 5262">
     <span class='ocr_line' id='line_1_41' title="bbox 0 0 1663 5262; baseline 0 0"><span class='ocrx_word' id='word_1_311' title='bbox 0 0 1663 5262; x_wconf 95' lang='lat' dir='ltr'><strong> </strong></span> 
     </span>
    </p>
   </div>
  </div>
 </body>
</html>
