3208 5214
268 279 310 350 46
819 277 990 336 Weisiaceae.

268 455 438 536 excedente,
460 473 589 539 superne
612 455 750 540 margine
772 455 888 520 remote
911 454 1221 538 hyalino-crenumto,
1244 472 1351 520 versun
1368 449 1460 518 basin
1474 449 1550 516 den-

267 559 408 639 ticulato,
431 559 678 644 glauco-viridia,
701 558 827 625 humida
848 558 880 623 et
902 559 982 624 sicea
1006 557 1118 624 stricta
1139 558 1307 624 suberecta
1351 555 1462 640 131501.
1486 573 1550 618 eur.

190 691 201 706 ·
268 665 336 730 Vol.
359 665 386 744 l,
409 665 484 730 'l'aln
508 663 561 730 lu.

269 787 394 870 Bryam
417 786 647 866 cerlicdlotum,
669 783 804 850 aetheris
827 783 951 861 erectis,
973 783 1155 865 pedunculis
1178 782 1365 850 arefactione
1386 778 1552 847 materiis

377 890 461 957 loliis
482 889 623 974 piliieris,
647 888 775 955 surculis
799 887 978 972 fastigiatis.
1022 889 1114 956 IAINN.
1137 887 1189 972 Sp.
1213 888 1260 954 Pl.
1287 886 1370 952 1585
1393 891 1454 965 (1³).

270 1015 430 1078 Grimmic
452 1014 637 1078 certia-illota
660 1012 761 1077 Tuan,
785 1010 883 1077 Maso.
907 1011 980 1078 Hib.
1025 1011 1136 1078 Surae.
1165 1011 1213 1077 il.
1236 1010 1316 1076 Brit
1361 1009 1455 1094 Eugl.
1480 1007 1553 1073 Bet

279 1134 393 1198 Weisia
418 1133 602 1198 oertieidaea
626 1133 716 1196 Baro.
739 1131 791 1214 Sp.
815 1131 858 1196 M.
904 1130 1047 1196 Sennea.
1071 1131 1178 1214 Suppl.
1216 1130 1303 1195 Neres
1324 1131 1358 1196 et
1380 1129 1552 1194 Hemesa.

381 1237 488 1322 Bryol.
511 1256 607 1322 germ.
653 1236 702 1301 Da
725 1235 804 1301 Neu.
828 1235 905 1319 Syll.
932 1236 966 1300 et
987 1235 1067 1318 Epil.
1113 1236 1146 1303 (l.
1170 1233 1304 1300 liccam
1326 1233 1400 1317 Spu.
1446 1233 1553 1298 wne.

376 1341 482 1425 Bryel.
505 1341 583 1406 Brit.
607 1338 641 1405 C.
664 1340 790 1406 Hlarus.
814 1339 927 1406 Sland.
950 1339 998 1405 ur.

270 1447 461 1512 domicilium
484 1445 702 1510 caesenatem
724 1445 825 1509 Basa.
849 1444 881 1510 ot
903 1444 1016 1511 scam.
1039 1443 1144 1527 Bryol.
1167 1463 1231 1510 eur.
1255 1443 1277 1508 l.
1300 1462 1327 1507 c

355 1565 464 1630 Hatit.
487 1564 519 1628 in
542 1563 666 1646 rupibus
689 1566 722 1628 et
744 1563 839 1628 muris
863 1563 1010 1630 calcaneis
1033 1563 1192 1630 stillicidio
1213 1563 1342 1646 tophum
1365 1561 1553 1628 efformaate

269 1668 409 1736 irroratis
425 1687 478 1751 per
493 1671 592 1734 totam
609 1668 779 1750 Europam:
802 1665 1013 1749 copiosissime
1033 1666 1096 1751 legi
1119 1667 1150 1732 in
1167 1686 1208 1732 m.
1225 1667 1329 1732 Jarae
1345 1665 1552 1738 mersurus.

269 1774 299 1839 in
323 1771 498 1856 Pyrenaeis,
520 1774 696 1855 pertatem
719 1772 901 1855 Hispaniam
924 1791 961 1838 ea
983 1791 1029 1856 gr.
1053 1771 1086 1838 in
1109 1771 1205 1837 muris
1227 1770 1364 1837 humidis
1385 1771 1471 1836 arcis
1494 1770 1552 1834 Al·

268 1878 401 1943 lromtrc
423 1878 460 1943 ad
484 1877 667 1955 (laudatum,
691 1877 721 1941 in
745 1875 853 1954 ltalia,
882 1896 935 1960 per
957 1878 1058 1943 totum
1081 1875 1208 1959 Alpium
1228 1875 1342 1960 jugum
1364 1875 1550 1943 calcaneum.

271 1982 371 2047 rarius
392 1983 423 2047 in
446 1981 567 2064 Vogeso
591 1983 623 2045 ct
645 1981 676 2046 iu
698 1981 899 2066 Sylva-nigra
921 1982 1035 2064 (solum
1058 1981 1091 2046 in
1114 1979 1240 2066 muris),
1263 1979 1295 2044 in
1318 1977 1427 2045 Snecia
1448 1985 1548 2062 atque

269 2085 432 2170 Norvegia.
477 2085 522 2150 lla
545 2086 645 2151 insula
673 2085 830 2169 Teneriffo
852 2087 885 2151 et
908 2106 943 2150 ex
965 2085 1095 2170 Algeria
1117 2085 1235 2168 accepi,
1266 2086 1302 2149 ut
1323 2087 1358 2150 at
1376 2103 1414 2149 ex
1437 2085 1550 2150 Asiae·

269 2189 396 2255 minoris
419 2189 557 2272 pluribus
579 2189 665 2254 locis.

357 2293 477 2358 Matar.
501 2294 628 2360 aestate.

356 2439 506 2514 caespites
535 2457 648 2514 semper
677 2440 735 2499 fere
765 2441 839 2500 mole
862 2440 1008 2516 tophaeea
1030 2443 1091 2500 tam
1115 2440 1205 2499 densa
1228 2440 1326 2500 obruti
1350 2441 1548 2515 reperiuntur.

269 2525 303 2582 ut
332 2525 451 2598 plantae
480 2526 613 2601 singulae
643 2543 701 2586 uun
731 2525 816 2586 aliter
843 2545 931 2601 quam
958 2544 1012 2601 opo
1035 2527 1111 2587 acidi
1134 2527 1254 2586 sulfurei
1279 2527 1324 2586 nel
1349 2527 1447 2586 uitrici
1472 2545 1547 2602 aqua

269 2611 402 2671 dissoluti
424 2613 558 2686 integrae
581 2613 718 2672 extricari
740 2613 862 2688 possint.

647 2849 761 2930 ‘uem
782 2851 814 2928 d.
853 2849 1131 2949 dnomtanginm.

555 2997 670 3056 Aesarei.
693 2998 723 3053 et
746 2995 901 3071 Hedns'pio
924 3014 957 3054 ex
981 2997 1065 3071 parte
1089 2995 1259 3054 Scrrwrcea

355 3141 487 3210 Plantae
509 3159 656 3228 perennes
679 3145 798 3212 erectae
820 3145 911 3212 dense
938 3145 1127 3230 aggregatae
1155 3143 1550 3228 punirem-caespitem.
1592 3200 1593 3225 ,

271 3244 443 3314 dichotome
466 3247 800 3333 fastigiata-ramosae,
829 3268 923 3333 usque
946 3267 1051 3314 versus
1073 3247 1190 3332 apicem
1213 3247 1417 3314 radiculesae.
1464 3247 1550 3314 Folia
1591 3301 1592 3351 1

269 3348 300 3416 in
332 3349 580 3416 innovationibus
611 3352 721 3418 annuis
750 3353 861 3418 abasi
891 3352 931 3419 ad
958 3353 1169 3420 enormitatem
1199 3350 1390 3418 ascendendo
1419 3353 1549 3436 majera.
1590 3407 1591 3410 ,

270 3453 475 3535 pentastichn
498 3455 637 3537 patentia
660 3457 692 3521 et
713 3457 832 3538 patula,
855 3457 1028 3524 lanceolata
1050 3457 1082 3522 et
1103 3475 1120 3521 e
1142 3455 1315 3522 lanceolato
1330 3455 1551 3522 lineali-saltn·

268 3555 344 3635 lata,
366 3557 663 3638 subtereti-oostcta,
687 3559 807 3640 uiridia,
829 3579 935 3644 opaca,
950 3562 1043 3627 deuse
1058 3559 1221 3644 papillam,
1236 3558 1363 3641 papillis
1379 3559 1550 3642 bipartitis.
1589 3517 1590 3605 t

269 3660 317 3726 vel
333 3659 498 3742 salinaria,
521 3663 580 3730 reti
596 3665 626 3730 in
642 3667 730 3748 parte
746 3665 901 3748 superiore
915 3666 1034 3732 minuto
1053 3663 1405 3748 rotundato-hexagono,
1427 3665 1549 3730 chlore-

268 3765 420 3849 phylloso,
444 3767 475 3832 in
498 3769 585 3852 parte
608 3769 750 3836 inferiore
772 3770 1127 3856 hexagono-rectangulo
1149 3773 1180 3836 et
1209 3770 1333 3838 omnino
1365 3769 1549 3854 rectaugnlo

269 3869 404 3954 hyalino.
450 3871 555 3938 lllores
578 3873 668 3939 dioici
693 3875 848 3958 utriusque
863 3895 952 3942 scrns
968 3875 1125 3952 axillaresr
1149 3875 1240 3942 dores
1262 3873 1393 3942 memoli
1417 3875 1547 3960 gemmi-

269 3973 391 4054 formes,
414 3974 494 4042 lraud
516 3995 586 4043 raro
609 3976 640 4042 in
663 3977 768 4044 eodem
791 3979 910 4046 ramulo
932 3978 1106 4065 aggregati,
1128 3977 1304 4046 antheridia
1319 3978 1444 4044 minuta
1460 3999 1548 4062 par-r·

269 4079 412 4162 plysata.
457 4079 589 4162 capsula
612 4081 643 4146 in
665 4081 811 4163 pedicelle
834 4085 1027 4152 mediocriter
1054 4083 1147 4168 longo
1170 4084 1284 4160 erecta,
1312 4081 1426 4158 oralia.
1457 4089 1546 4148 orata

269 4184 301 4248 et
323 4183 519 4266 meginhero,
547 4185 626 4252 cello
648 4187 734 4252 brevi
756 4187 907 4256 tumidulo
931 4188 1073 4266 suffulta,
1102 4189 1338 4274 gymnasiam,
1369 4187 1545 4254 membrana

268 4286 348 4352 laeri
371 4287 472 4354 tenaci
493 4287 653 4372 angrrstins
670 4290 843 4370 reticulata,
866 4293 1006 4376 operculo
1021 4292 1141 4374 oblique
1156 4295 1189 4357 et
1203 4290 1385 4376 longissime
1401 4295 1545 4358 rosbare.

268 4391 382 4456 annulo
404 4393 600 4475 perangusto.
644 4391 803 4478 Galyptra,
826 4398 956 4481 arrgnete
977 4395 1141 4476 cucullata,
1162 4393 1332 4478 obliquata,
1356 4393 1387 4460 ia
1411 4397 1542 4460 rosinam

268 4491 466 4560 antulilerme
482 4493 638 4576 preducta.
675 4495 790 4578 Speras
805 4499 986 4576 minutulas,
1002 4499 1203 4584 lanuginem,
1219 4499 1334 4564 meres.
1363 4497 1444 4566 Τὼ.
1463 4497 1541 4564 vul.

356 4611 520 4676 Hactenus
543 4612 703 4696 rupestris.
