3054 5238
575 319 718 394 BHM·
1222 319 1287 394 las

100 496 208 562 Habet.
233 497 266 562 in
289 498 376 583 sylva
398 515 521 566 aoerosa
543 499 583 566 ad
605 498 714 582 podem
735 517 775 564 m.
801 499 986 566 Gamelcaar
1016 519 1110 583 prope
1138 499 1287 566 Wuubaa

24 601 143 665 Gaetcia
164 599 375 686 Salisbnrgiaa
396 603 495 680 infer,
526 603 580 668 nbi
611 603 754 687 Augusto
780 601 864 668 1843
894 603 1018 686 pulchre
1040 601 1161 680 invani3
1190 602 1224 669 in
1245 623 1287 671 m.

25 705 134 770 Geumi
162 725 259 790 prope
291 707 490 792 Konderstep
523 707 754 790 (scammum
785 707 945 790 etipse),
976 706 1009 772 in
1031 705 1164 789 Alpibus
1183 705 1288 790 juliois

24 828 103 892 propa
117 811 258 899 seseq
273 811 476 898 (Saturnus),
492 813 859 899 smeereooeniqorro
872 813 905 878 iu
920 811 1086 897 Pyrenaeis
1101 812 1288 899 (Psmuss),

24 936 79 978 aue
98 915 198 984 Plane
231 936 279 1000 pr.
304 915 371 984 Bac
392 917 554 984 Helvetiae
584 918 794 1002 (Pilumnus).
838 917 885 982 Ex
908 916 1013 984 Indiae
1035 914 1194 984 orientalis
1216 933 1288 999 pro-

23 1017 110 1088 uncia
130 1018 270 1106 Nepnul,
294 1020 345 1087 ubi
367 1021 443 1087 clar.
465 1020 618 1086 Wumrcn
640 1018 769 1099 detexit,
791 1020 830 1087 cl.
846 1020 979 1086 soom
1005 1019 1123 1102 primus
1145 1017 1265 1088 habuit.

85 1141 204 1207 lmen
230 1148 348 1207 mutor.
371 1142 411 1208 ad
431 1141 562 1208 aestatis
585 1141 687 1208 linem.

97 1270 200 1330 Differt
223 1269 319 1330 allos.
334 1278 449 1331 emmo
470 1271 587 1330 statura
609 1270 739 1340 elatiore,
760 1269 838 1330 foliis
860 1269 1042 1345 longioribus
1065 1269 1287 1344 angustioribus

24 1356 126 1414 demina
140 1357 285 1418 areolatis
298 1357 464 1433 firmiusque
481 1357 619 1429 danubis,
635 1357 755 1416 floribus
770 1357 882 1428 dioicis,
898 1355 1019 1432 capsula
1033 1354 1174 1431 longiora,
1196 1355 1288 1428 fusca,

24 1441 167 1514 peristomii
189 1445 331 1505 dentibus
353 1443 549 1520 longioribus;
571 1461 590 1502 a
605 1442 667 1503 Mn.
683 1443 911 1522 onhnrrhyncbo
926 1442 1004 1502 loliis
1020 1441 1132 1502 dissitis
1146 1442 1287 1517 longiori-

24 1529 76 1596 bue,
96 1531 327 1606 augustioribus,
349 1531 405 1590 reti
428 1531 515 1606 paulo
537 1530 656 1602 laxiore,
679 1531 816 1590 dontibus
838 1529 1050 1606 marginalibus
1066 1529 1160 1604 magis
1175 1528 1287 1588 conler-

24 1614 55 1674 tis
74 1618 260 1690 acutioribus,
282 1617 403 1692 capsula
424 1617 565 1694 longiora,
585 1618 776 1692 leptoderma,
797 1616 959 1691 peristomii
974 1615 1111 1676 dentibus
1125 1614 1287 1690 pallidiori-

24 1701 68 1759 bus
88 1705 343 1766 articulationibus
366 1705 460 1765 minus
482 1705 652 1776 numerosis,
673 1706 738 1764 tota
760 1703 850 1779 plana
872 1701 1027 1780 graciliore
1050 1702 1145 1777 sporis
1163 1702 1286 1780 denique

24 1787 126 1850 dimidio
147 1793 320 1852 minoribus.

96 1895 247 1969 specimen
270 1894 421 1970 originale,
444 1913 462 1953 a
484 1894 555 1953 clar.
577 1895 720 1953 Wlnnrca
741 1893 849 1952 lectum
873 1894 903 1952 et
926 1911 944 1952 a
966 1892 1287 1952 olar.W1uu.Hoom

25 1995 118 2038 meeum
139 1981 393 2051 communicatum,
416 1980 548 2040 omuibus
569 1981 648 2040 notis
671 1981 784 2040 exactel
807 1998 872 2040 eum
888 1979 991 2056 planta
1016 1982 1119 2039 nostra
1142 1995 1286 2054 europaeo

24 2067 151 2140 eongmit,
173 2069 220 2127 ita
243 2070 276 2127 ut
300 2069 334 2125 do
357 2066 513 2127 identitate
536 2067 670 2142 specifica
694 2067 805 2126 nullum
829 2067 950 2126 dubium
972 2065 1109 2140 supersit.

96 2169 203 2230 Planta
227 2188 246 2229 a
268 2170 352 2229 clarr.
374 2169 403 2229 J.
425 2169 548 2229 Hoonna
570 2173 599 2229 et
622 2170 761 2228 'I'sonsou
783 2169 813 2228 in
837 2188 873 2228 m.
889 2169 1001 2228 Sildsim
1021 2169 1100 2228 lecta
1122 2168 1152 2226 et
1175 2185 1193 2226 a
1215 2166 1285 2226 clar.

23 2253 156 2316 mansne
171 2273 293 2317 emoneo
308 2273 361 2331 pro
376 2251 697 2331 Schwaegricheniiili.
713 2257 911 2335 lycopodioe'de
926 2255 1038 2328 habita,
1060 2256 1124 2314 toto
1144 2253 1224 2314 coelo
1248 2253 1285 2312 ab

24 2340 67 2400 loo
87 2343 195 2416 snut,
230 2360 289 2404 non
312 2343 405 2404 solum
427 2343 505 2403 loliis
528 2343 618 2404 multo
639 2343 838 2419 longioribus,
869 2341 1061 2416 succulentis,
1093 2340 1284 2400 minutissime

23 2413 153 2502 ablatis,
175 2431 231 2492 sed
254 2430 344 2490 stiam
365 2429 486 2505 capsula
509 2430 649 2490 crassiore
672 2429 802 2508 elliptica
821 2429 1013 2492 microstoma
1058 2427 1188 2506 Speciem
1209 2427 1285 2490 hanc

24 2513 48 2572 in
66 2515 118 2576 litt.
139 2516 203 2578 Mn.
233 2515 387 2576 lbmmom'
407 2515 564 2576 nominari.

425 2760 475 2818 18.
519 2759 653 2816 Iulum
674 2759 864 2830 spinosum

365 2879 474 2956 Bryum
496 2881 645 2956 spinosum
668 2881 742 2941 Vom
764 2883 795 2940 in
819 2882 927 2942 Suuau.

94 3025 208 3094 Planta
236 3025 364 3093 robusta
392 3027 479 3096 caulo
509 3029 668 3116 sublignoo
696 3031 933 3114 atro-purpureo
955 3029 1037 3095 haud
1059 3046 1128 3094 raro
1150 3027 1284 3094 bi-tri-

22 3127 141 3208 partito,
165 3130 261 3214 louge
283 3122 403 3214 lateque
425 3133 617 3216 oaespitans,
650 3134 746 3201 ramis
768 3134 861 3202 deuse
882 3133 998 3200 foliosis
1021 3131 1284 3218 flagelliformibus

21 3227 215 3310 narrastis,
238 3233 387 3317 caespites
404 3235 530 3302 obscure
548 3237 599 3303 vel
621 3237 829 3317 atro-virides,
852 3237 919 3304 sola
940 3236 1007 3304 basi
1020 3233 1167 3302 radiculis
1181 3235 1284 3300 densis

20 3327 176 3402 intertexti.
221 3335 310 3403 lolia
332 3337 438 3404 infima
460 3339 600 3420 minima,
623 3341 856 3425 squamilormia
878 3343 988 3408 obtusa
1010 3339 1145 3424 inbegra,
1168 3337 1283 3421 pallide

20 3431 133 3518 nibella,
156 3439 302 3518 scuriosa,
325 3441 481 3523 superiora
503 3443 534 3508 et
549 3462 670 3511 summa
686 3443 787 3511 subito
802 3443 864 3510 lere
880 3444 1008 3528 majora,
1029 3442 1179 3527 patentia,
1203 3441 1284 3508 sicca

20 3537 150 3620 niumm,
175 3559 210 3607 ex
232 3541 363 3609 obovato
385 3545 417 3610 et
431 3545 562 3632 oblongo
577 3547 958 3630 acuminato-spathulata,
982 3545 1211 3629 periohaatialia
1226 3565 1284 3612 an·

19 3641 162 3722 guotiora,
196 3646 283 3714 costa
304 3647 371 3713 ruia
393 3647 553 3717 excedente
574 3650 855 3736 brevi-auspicata,
889 3649 984 3717 limbo
1007 3649 1206 3733 dentibusque
1227 3669 1282 3735 ge·

20 3743 108 3811 mellis
141 3747 371 3832 spinilormibus
398 3752 651 3838 rulo-purpureis.
696 3753 802 3821 Floras
833 3752 944 3832 diolci3
972 3753 1097 3838 plantae
1128 3753 1283 3820 masculae

19 3847 145 3920 femineis
159 3851 323 3922 immixtae
344 3856 394 3922 vel
416 3857 564 3943 caespites
586 3857 726 3944 proprios
748 3859 951 3926 efformantos.
980 3857 1109 3924 Fructus
1125 3875 1161 3922 ex
1175 3856 1283 3923 eodem

19 3953 192 4030 punchaetio
214 3957 337 4041 saepius
354 3961 546 4044 complures
569 3962 695 4046 capsula
717 3961 749 4027 in
771 3961 917 4045 pedioello
938 3961 1067 4028 rubente
1082 3959 1282 4028 horizontalis

19 4055 60 4119 sal
80 4057 189 4126 leuiter
210 4061 370 4142 inclinatu,
393 4063 634 4149 evoli-oblonga,
658 4064 864 4144 solidiusoula,
887 4064 1118 4144 rulo-brunnea,
1140 4062 1282 4146 operculo

19 4161 113 4228 conice
134 4164 164 4229 in
186 4166 351 4233 rostellum
374 4169 518 4235 obtusum
540 4169 696 4254 producto.
741 4168 959 4235 Perisbomium
973 4169 1132 4235 externum
1148 4165 1281 4244 badium,

19 4261 160 4332 internum
180 4269 322 4335 saturata
344 4271 528 4339 annuntium.
573 4273 679 4356 Bryol.
702 4291 764 4339 eur.
787 4271 858 4340 Vol.
873 4273 929 4352 IV,
952 4272 1027 4338 Tab.
1043 4269 1117 4337 393.

21 4397 134 4485 Bryum
152 4408 320 4492 spinosum
341 4405 425 4474 loliis
446 4409 733 4476 ovato-lanceolatis
756 4409 950 4487 acuminatis,
971 4407 1110 4491 margine
1132 4406 1280 4488 spinosis3

117 4509 240 4592 oepsuls
277 4509 441 4590 numa,
478 4511 619 4596 operculo
655 4511 853 4580 brerimstro.
897 4510 976 4577 Voru
1005 4511 1039 4576 in
1061 4508 1170 4575 suurn
1195 4506 1279 4573 sior.

117 4611 472 4698 crubuerunt.
497 4613 546 4684 16.
