3290 5214
810 331 984 392 Introductis

824 551 895 632 dag.
918 550 964 616 lii.

749 696 797 764 De
823 698 1041 784 generatione.

447 847 472 918 ἓ.
491 849 518 906 1.
554 847 597 906 De
619 848 818 923 generationis
841 847 960 926 organis
984 849 1013 908 in
1036 849 1143 909 muscis
1167 849 1344 924 praesentia.

344 994 500 1080 Bryelogo
523 994 603 1060 nulli
625 995 789 1062 recentiori
817 995 958 1082 ignotum
984 998 1041 1072 est,
1066 1016 1187 1062 muscos
1210 1016 1315 1062 omncs
1342 997 1395 1080 qrri
1412 999 1537 1082 organis

257 1098 363 1162 carent
385 1116 462 1180 quae
485 1099 638 1177 mascula,
667 1101 716 1165 val
739 1099 804 1164 illis
826 1119 905 1184 quae
935 1100 1066 1165 leminea
1096 1100 1257 1177 dicuutur,
1288 1100 1393 1166 fructu
1418 1121 1538 1184 semper

256 1200 424 1267 destitutos
448 1202 588 1286 reperiri,
623 1191 655 1267 et
681 1222 742 1268 non
769 1203 903 1288 amphus
935 1203 1107 1290 negandum
1133 1205 1197 1280 est,
1230 1203 1334 1288 partes
1369 1204 1440 1270 illas
1462 1224 1539 1288 quas

256 1305 442 1372 immortalis
465 1305 653 1391 Hedwigins,
677 1307 747 1391 plus
770 1327 862 1390 quam
885 1307 1044 1392 octaginta
1064 1306 1175 1372 abhinc
1197 1307 1295 1382 annis,
1320 1327 1375 1390 pro
1398 1309 1539 1373 authoris

258 1412 351 1493 atque
366 1409 494 1495 pistillis
509 1430 683 1477 muscorum
701 1410 810 1476 habuit
826 1411 1019 1495 maximaque
1035 1411 1208 1497 sagacitate
1225 1410 1263 1476 ad
1278 1412 1379 1477 luceru
1396 1413 1538 1495 protulit,

257 1531 373 1598 organa
396 1531 462 1580 essa
483 1512 522 1578 ad
545 1513 776 1599 generationem
800 1533 897 1598 aequo
920 1514 1013 1582 modo
1033 1515 1221 1591 necessaria,
1254 1533 1345 1598 quam
1370 1513 1402 1579 iu
1424 1515 1541 1599 plantis

258 1617 504 1702 phanerogamis.

344 1738 393 1804 Ad
415 1758 504 1805 usum
528 1741 560 1804 et
582 1741 728 1807 solatium
752 1741 887 1807 tironum
912 1741 963 1824 qui
979 1740 1016 1805 de
1031 1739 1237 1824 possibilitate
1255 1758 1430 1806 musceium
1448 1739 1540 1805 flores

256 1843 431 1910 inveniendi
446 1844 620 1930 desperant,
643 1847 735 1912 verba
751 1845 889 1925 Bridelii‚
906 1844 1092 1930 Bryologiae
1108 1843 1287 1910 recentioris
1303 1843 1412 1928 patria,
1437 1844 1541 1908 traus-

257 1947 356 2015 eriho:
384 1947 449 2026 „Na
471 1949 583 2014 mirum
608 1949 665 2015 illa
680 1970 796 2036 organa
812 1951 1045 2016 observatorum
1061 1948 1110 2012 rel
1126 1948 1396 2034 sagacissimorum
1412 1965 1542 2012 acumen

256 2052 363 2119 tandiu
386 2053 540 2140 attigisse.
586 2052 671 2120 Adeo
701 2054 814 2119 etenim
842 2055 915 2120 suut
941 2053 1033 2118 arilia
1061 2053 1092 2116 ot
1121 2054 1170 2118 tot
1196 2050 1380 2118 uelamentis
1409 2049 1542 2116 circnm-

259 2156 377 2223 vallata
400 2159 492 2242 atque
515 2161 640 2243 operta,
668 2159 704 2222 ut
732 2157 791 2222 uisi
822 2156 1058 2241 suspensissime
1089 2158 1121 2222 et
1153 2155 1343 2240 peritissima
1365 2157 1542 2220 tractentur

259 2279 353 2327 manu
376 2261 461 2328 nullo
485 2261 575 2330 modo
599 2262 752 2342 extricari,
776 2281 832 2328 uec
855 2261 1014 2340 extricata,
1038 2261 1098 2327 nisi
1114 2262 1197 2326 vitra
1212 2279 1407 2344 summopere
1423 2277 1541 2344 augen-

258 2363 304 2428 tia
327 2363 545 2442 adhibeantur,
574 2367 730 2434 observari
761 2369 884 2451 queant.
929 2367 1096 2432 Praeterea
1127 2365 1339 2432 florescentiae
1361 2366 1488 2448 tempus
1512 2363 1543 2428 in

259 2467 399 2534 omnibus
430 2470 543 2536 muscis
573 2489 634 2537 non
661 2470 741 2537 idem
765 2474 829 2549 est,
863 2473 895 2536 et
916 2471 950 2534 in
972 2470 1112 2556 pluribus
1135 2470 1212 2536 satis
1234 2469 1320 2534 bravi
1344 2467 1445 2552 spatio
1469 2486 1543 2534 eou-

258 2569 392 2650 tiuetur,
425 2591 485 2658 quo
514 2575 618 2659 elapso
641 2575 674 2640 in
697 2574 871 2642 ramalibus
894 2574 1033 2659 partibus
1057 2573 1250 2658 explorandis
1272 2571 1389 2638 frustra
1410 2569 1543 2637 desuda·

260 2676 341 2740 tur·
389 2675 480 2742 Bere.
504 2677 635 2746 Muscol.
659 2699 718 2746 rac.
742 2681 767 2758 Ι,
791 2701 820 2764 p.
846 2681 896 2745 le.

525 2875 550 2946 θ.
575 2875 602 2932 2.
640 2875 682 2934 De
704 2876 904 2951 generationis
928 2875 1048 2950 organis
1070 2875 1270 2948 dispositione.

344 3003 520 3070 Museorum
546 3003 636 3071 dores
658 3006 859 3071 aniscarrclee
882 3008 914 3072 et
936 3006 1109 3072 bisexuoles
1125 3006 1175 3072 vel
1190 3007 1307 3070 aurore
1322 3005 1541 3090 (hermaphro-

256 3105 342 3190 diti),
368 3108 535 3194 potygcmr'
544 3157 553 3190 ,
585 3111 718 3172 mereim
749 3111 781 3176 at
803 3111 899 3176 dicim
921 3111 1127 3177 inueniuntur.
1173 3109 1243 3176 Neu
1266 3129 1372 3176 omnes
1401 3109 1540 3194 ejusdem

256 3211 377 3297 generis
392 3211 543 3278 naturalis
567 3211 683 3297 species
706 3213 831 3280 eandem
855 3233 993 3281 normam
1017 3215 1115 3298 quoad
1138 3233 1243 3282 sexum
1267 3213 1420 3292 exhibent,
1445 3215 1541 3281 ruris-

256 3315 333 3382 aime
355 3317 460 3383 tamen
482 3318 513 3382 in
537 3317 642 3384 eadem
667 3317 767 3402 specie
789 3318 910 3386 diuersa
931 3319 1178 3404 deprehenditur.

342 3423 442 3490 Locus
464 3441 553 3506 quam
578 3421 669 3489 liores
692 3423 723 3488 in
739 3423 855 3508 plantis
870 3427 987 3502 tenent,
1011 3443 1065 3509 pro
1082 3423 1215 3508 singulis
1231 3423 1388 3508 speciebus
1404 3425 1539 3490 manime

256 3525 366 3604 sanat,
390 3527 420 3592 iu
445 3526 552 3594 eadem
575 3527 675 3612 specie
697 3529 805 3594 eontra
827 3528 1017 3596 invariabilis
1039 3530 1153 3594 munet.

342 3631 520 3698 hiuscoruur
544 3651 778 3718 acrocarpornm
803 3631 894 3700 fleres
916 3633 1041 3700 feminei
1064 3636 1096 3700 ot
1110 3633 1283 3700 hisexuales
1297 3651 1450 3718 sempera
1466 3653 1541 3700 can·

255 3735 296 3802 lis
319 3736 406 3821 apiae
429 3736 589 3815 oriuntur,
614 3737 743 3804 masculi
766 3757 801 3803 er
824 3737 925 3822 apice,
955 3757 971 3802 a
994 3736 1092 3801 latere
1116 3735 1165 3802 rel
1188 3753 1205 3800 e
1228 3753 1383 3802 ramorum
1408 3737 1540 3802 summi·

255 3841 339 3916 tate3
362 3841 631 3926 pleurocarporom
656 3841 746 3910 flores
769 3842 929 3926 uiuosque
952 3860 1041 3906 serus
1057 3840 1203 3906 laterales
1220 3841 1293 3906 sunt
1309 3841 1401 3922 atqua
1417 3859 1454 3905 ex
1470 3841 1539 3926 isso

255 3945 343 4012 caule
366 3944 415 4010 rel
437 3963 455 4011 a
477 3945 572 4012 ramis
596 3946 762 4012 ramulisre
785 3945 993 4032 egrediuntur.
1028 3943 1124 4010 Sanus
1147 3943 1199 4028 qui
1222 3963 1283 4010 non
1306 3943 1413 4010 eodem
1438 3944 1540 4010 inclu-

254 4047 369 4114 duntur
384 4049 552 4126 involucro,
576 4053 631 4116 aut
652 4049 866 4136 approximati,
890 4051 945 4114 aut
968 4068 986 4113 a
1009 4067 1042 4114 ae
1062 4049 1192 4116 inuicem
1216 4048 1329 4116 remoti
1344 4047 1539 4132 conspiciun-

256 4155 321 4228 tur;
344 4173 413 4218 cunr
437 4153 468 4219 in
491 4153 596 4220 eadem
620 4155 716 4240 stirpe
732 4157 861 4252 uterque
877 4172 1005 4220 acumen
1029 4155 1124 4226 tanat.
1148 4153 1278 4219 maseuli
1303 4152 1393 4220 tlores
1416 4171 1539 4239 semper

256 4257 436 4342 primenti,
454 4258 541 4323 caule
557 4257 593 4324 ad
611 4255 715 4326 florem
733 4258 897 4323 femineum
914 4257 1154 4342 proturdaudum
1171 4257 1381 4332 continuante,
1398 4256 1437 4320 ad
1456 4257 1538 4324 lutus

254 4359 440 4445 dejiciuutur
467 4359 651 4444 tandemque
681 4361 719 4428 ad
743 4362 840 4429 caulis
862 4360 1012 4428 lurctiieri
1036 4363 1154 4445 partem
1178 4361 1353 4427 interiorem
1379 4362 1538 4444 reperiun-

256 4465 317 4529 tur.
364 4465 398 4529 ln
423 4463 539 4530 Muscis
562 4465 813 4552 pleuroearpicis,
845 4483 974 4550 qnorum
1005 4464 1095 4530 flores
1119 4465 1218 4530 rnulto
1242 4465 1342 4530 rarius
1364 4465 1537 4532 bisexuales

255 4585 346 4652 qnam
371 4567 483 4634 mouici
507 4572 540 4634 et
562 4569 655 4636 dioici
678 4573 765 4648 sunt,
790 4569 919 4635 maseuli
942 4569 1046 4636 sedeur
1071 4569 1118 4634 rel
1143 4569 1175 4634 in
1198 4569 1311 4636 ricinia
1334 4567 1535 4636 femineorum

255 4673 363 4740 teuent
387 4671 434 4740 rel
458 4672 488 4740 iu
513 4675 607 4742 ramis
629 4673 760 4742 diversis
784 4673 822 4738 ub
844 4673 889 4740 eis
911 4673 1071 4740 remotam
