3290 5214
611 271 784 330 Introductio.
1265 265 1346 334 'xvn

163 445 198 510 ln
220 448 414 532 ,trebeponio
445 449 523 516 duae
553 449 785 534 distinguuntur
814 451 919 531 partos
948 449 1145 526 essentiales,
1166 472 1292 536 permen
1314 453 1347 518 et

79 551 236 631 stylidium
258 552 371 635 (stylus
394 553 444 617 vel
466 553 578 617 rollum
601 552 694 637 aliis).

163 655 305 734 Germm,
327 677 380 723 seu
402 658 521 724 tructus
544 659 678 740 primurn
701 655 917 734 rudimentum,
941 656 1007 721 basi
1029 657 1190 722 attenuate
1212 659 1349 741 recepta·

79 754 141 820 culo
171 756 282 822 insidet
310 759 455 842 apiceque
486 761 517 824 in
548 761 709 846 stylidium
735 759 950 844 prolongatur,
981 759 1079 825 torma
1101 779 1157 828 saa
1177 762 1276 827 oralia
1299 761 1349 828 sel

80 859 204 942 oblonga
226 865 282 926 est.
328 863 476 930 Centrum
508 868 655 951 germinis
685 866 797 932 cellula
828 868 955 948 occupat
987 885 1078 947 quam
1107 867 1349 951 germinationes

81 967 183 1026 somnt
205 966 236 1028 et
258 983 275 1030 e
297 985 355 1047 qua
378 969 605 1048 sporotbecium
627 969 774 1036 nascitur.
821 969 903 1051 Opus
926 967 1117 1047 cellulosum,
1139 969 1218 1052 quod
1232 971 1350 1054 germi-

82 1065 123 1129 nis
143 1067 274 1147 parietes
294 1073 438 1136 externos
461 1075 601 1142 edomat
622 1079 654 1142 et
677 1071 841 1158 pericarpii
863 1071 962 1136 locum
985 1072 1080 1150 tenet,
1105 1090 1163 1136 una
1183 1089 1251 1136 com
1267 1069 1372 1137 iruo-'

82 1174 127 1232 tus
148 1169 330 1239 incremento
352 1175 504 1242 dilatatur
526 1179 716 1262 tandemque,
740 1177 839 1241 fructu
862 1174 1060 1253 ascendente,
1083 1175 1149 1240 basi
1171 1195 1190 1242 a
1211 1177 1349 1258 recepta·

83 1273 143 1338 erdo
163 1275 286 1354 asuleo,
319 1279 376 1344 sub
406 1279 505 1346 torma
528 1283 625 1348 conuli
649 1279 810 1366 cylindrici
831 1280 863 1344 in
886 1279 986 1344 altum
1008 1279 1167 1354 evehitur;
1199 1279 1348 1346 seriusin

84 1378 214 1458 capsulae
228 1381 370 1446 maturae
387 1383 511 1462 vertice,
535 1387 634 1452 rarius
649 1388 750 1453 totam
765 1383 1014 1466 circumcingens,
1037 1382 1151 1448 formas
1166 1402 1222 1467 pro
1237 1400 1348 1467 genere

83 1483 207 1550 diversas
230 1485 330 1553 induit
353 1489 533 1572 nomineque
555 1493 718 1576 calyptrce
741 1488 903 1553 salutatur.

160 1590 328 1672 Stylidiam
352 1610 407 1656 eeu
430 1593 542 1656 collum
563 1593 694 1678 germini
716 1591 860 1668 insidene,
883 1590 914 1654 in
937 1590 1030 1656 variis
1054 1590 1209 1672 speciebus
1231 1589 1348 1655 variam

83 1691 296 1774 longitudinem
318 1695 458 1774 exhibet,
492 1716 610 1780 semper
631 1698 712 1764 teres
735 1697 907 1776 astatque,
930 1697 1001 1760 aute
1024 1693 1246 1760 rotundationis
1269 1695 1349 1759 tem·

84 1811 141 1872 pus,
161 1795 243 1876 apice
265 1797 370 1862 clauso
393 1801 730 1868 rotundato-obtusum.
774 1801 842 1865 Hac
864 1800 967 1864 aetate
988 1797 1104 1864 canalis
1126 1797 1189 1878 ille,
1212 1795 1264 1879 qui
1279 1795 1349 1877 poet

85 1894 314 1966 secundationem
337 1900 483 1967 distinete
509 1903 711 1986 conspicitur,
744 1901 922 1970 cellularum
952 1901 1030 1966 serie
1059 1902 1196 1981 tempore
1218 1896 1351 1962 maturi-

85 1999 150 2063 tatis
171 2000 364 2066 dissolvenda
387 2006 562 2086 occupatur.
606 2007 800 2091 Archegonio
822 2007 861 2072 ad
883 2005 1006 2090 nuptias
1028 2005 1168 2082 maturo,
1190 1999 1349 2085 stylidinm

84 2100 159 2180 apice
182 2103 358 2171 dehiscente
379 2107 527 2188 aperitur,
549 2109 711 2190 aperturae
733 2125 842 2190 margo
856 2106 985 2172 elastiee
999 2105 1177 2184 resolvitur,
1200 2104 1349 2170 orificium

82 2203 173 2285 ipsum
189 2209 301 2274 sensim
316 2210 496 2292 amplietur,
514 2212 561 2277 ita
575 2215 619 2290 ut,
634 2213 666 2278 in
681 2213 772 2278 tubae
787 2212 909 2278 modum
926 2211 1100 2286 dilatatum,
1116 2209 1233 2293 stigma
1247 2207 1350 2272 iniun-

83 2307 263 2375 dibuliiorme
278 2313 329 2376 sat
345 2311 420 2376 bene
434 2311 574 2396 effingat
605 2313 708 2378 &rius
723 2315 864 2382 ductulus
886 2335 905 2380 a
927 2313 1047 2398 etplidii
1070 2312 1186 2380 orificio
1202 2311 1349 2394 iucipiens

84 2415 111 2474 et
130 2433 221 2494 usque
241 2415 279 2478 ad
294 2417 493 2498 embryonem
516 2416 716 2498 descendens,
747 2419 846 2484 colore
877 2435 931 2482 suo
960 2416 1195 2498 purpurascente
1217 2412 1350 2496 perbelle

85 2511 285 2598 distinguitur.
657 2515 664 2527 '

161 2619 423 2703 Archegoniorum
447 2639 591 2686 numerus
613 2621 645 2684 in
668 2621 797 2686 diversis
820 2623 998 2687 Muscorum
1022 2622 1177 2704 speciebus
1192 2639 1252 2686 non
1267 2619 1349 2685 idem

85 2719 245 2799 insonitum
268 2725 427 2789 rarissime
442 2744 535 2789 uuum
551 2725 663 2790 saltem
678 2723 775 2802 adest,
798 2725 831 2788 et
853 2724 948 2807 vulgo
971 2725 1059 2805 plura
1081 2725 1113 2788 et
1127 2723 1227 2788 multa
1242 2740 1350 2787 nume·

86 2827 193 2902 rantur,
215 2825 363 2908 equibus
386 2827 566 2909 plerumque
588 2846 682 2892 unum
705 2824 893 2890 solummodo
916 2825 1112 2902 fecundatur,
1135 2823 1207 2888 dum
1229 2826 1350 2890 caetera

85 2925 271 3005 exsiceantur,
293 2927 385 3010 inque
408 2928 598 3010 receptaculo
620 2927 800 3010 persistunt,
824 2927 873 2992 vel
895 2947 1044 2993 unacum
1067 2925 1213 3010 vaginula
1234 2925 1351 2990 tructus

87 3030 188 3094 novelli
211 3033 392 3098 ascendente
408 3033 576 3098 evehuntur
591 3031 687 3113 eique,
712 3032 860 3112 tanquam
876 3031 1013 3096 thalamo
1028 3029 1193 3107 communi,
1214 3047 1350 3104 exsucca

85 3131 175 3196 colore
196 3135 262 3199 rulo
284 3134 333 3200 rel
356 3152 506 3217 purpureo
530 3135 644 3211 tincta,
667 3133 812 3200 insident.
856 3133 1031 3216 Aliquando
1053 3135 1157 3198 tamen
1179 3132 1259 3211 duo,
1290 3129 1351 3194 tria

85 3237 113 3298 et
132 3235 217 3316 plura
238 3237 449 3314 fecundantur,
471 3237 549 3302 unde
571 3237 690 3302 fruetus
714 3237 815 3319 plures
837 3237 887 3302 sel
901 3235 1076 3322 aggregati,
1098 3253 1134 3300 ex
1149 3235 1253 3300 eodem
1269 3231 1352 3315 peri·

85 3337 195 3404 chaetio
216 3340 425 3424 egredientes,
456 3341 701 3424 conspiciuntur,
735 3342 770 3406 nt
791 3340 824 3404 in
846 3337 1073 3422 Ptycbomitrio
1089 3333 1290 3420 potypbyllo,
1320 3332 1352 3396 in

88 3439 220 3508 Dierono
247 3446 402 3509 andeleio
435 3447 466 3510 et
496 3447 636 3529 nsujore,
668 3445 700 3510 in
723 3443 814 3510 Matio
845 3441 1018 3520 cadmeo,
1049 3439 1081 3503 iu
1110 3438 1270 3504 almuciis
1292 3438 1350 3502 abc.

87 3541 267 3630 erenegonia
289 3547 430 3613 abortiva
452 3565 570 3630 semper
592 3548 720 3633 stylidio
741 3545 827 3630 apice
847 3546 972 3627 aperto,
1004 3545 1035 3609 et
1057 3542 1139 3609 baud
1160 3561 1230 3608 raro
1251 3540 1351 3624 primo

87 3645 192 3714 cneus
214 3649 387 3716 rudimento
408 3649 570 3730 instructa,
594 3651 796 3734 reperiuntur.

645 3858 716 3938 (lap.
740 3857 785 3924 lv.

549 4001 600 4070 De
627 3999 877 4070 fructificatione.

433 4125 458 4195 b·
484 4127 511 4185 l·
556 4128 598 4188 De
621 4127 734 4186 fructus
757 4125 851 4200 prima
873 4123 994 4198 origine.

165 4259 294 4326 Fructus
316 4279 334 4326 e
358 4261 467 4328 cellula
489 4265 695 4347 germinativa
718 4263 816 4347 prima
838 4259 972 4328 evolutio
1000 4277 1061 4324 non
1083 4275 1205 4324 sursum
1227 4255 1279 4321 sed
1300 4254 1354 4319 de·

89 4379 181 4426 orsam
203 4363 347 4428 efficitur.
379 4365 517 4431 Primum
540 4385 628 4432 enum
650 4367 857 4432 rudimentum
879 4384 915 4431 ex
937 4363 995 4428 hac
1016 4361 1138 4441 cellula,
1160 4357 1354 4425 matricolam

92 4463 260 4542 primariam
283 4467 415 4532 sistente
435 4471 571 4549 enatum,
594 4468 768 4554 archegouii
782 4469 870 4536 basin
884 4467 1090 4544 attenuatam,
1112 4482 1200 4530 axem
1215 4477 1355 4542 Wlfflin

136 4573 262 4628 samaa
278 4576 394 4632 smper..
420 4579 511 4630 eam,
1124 4566 1145 4640 b
