3128 5254
536 345 704 416 Hypnaceae.
1192 343 1256 409 713

23 519 193 602 elidiusoola,
216 521 408 600 subrcmota,
431 519 571 604 patentia
593 520 624 585 et
646 519 852 598 subsecanda,
876 537 980 602 opaca,
1003 537 1021 584 e
1043 517 1108 586 basi
1131 517 1257 586 cordata

23 627 49 691 el
67 627 121 692 late
141 628 233 693 ovata
253 625 433 692 decurrente
454 625 633 704 lanceolata,
657 626 780 710 lougius
803 625 980 708 acutiusque
995 625 1181 703 acuminata,
1203 624 1257 689 ob-

23 731 86 796 olote
104 731 260 807 serrulata,
284 731 372 798 costa
393 731 587 813 complanata
609 731 788 815 angcistiorc
811 749 879 796 cum
903 730 987 813 apice
1009 730 1176 807 desinente,
1199 727 1256 794 reti

23 835 111 902 esilmi
131 836 220 902 valde
242 835 382 902 dilatato.
414 835 548 920 Capsule
570 836 830 914 incurvooeruua,
852 835 949 902 oualis
965 837 997 902 et
1012 835 1154 920 oblongo,
1177 835 1256 900 sicca

23 941 111 1004 renata
139 939 197 1006 sub
227 957 278 1006 ore
307 937 438 1005 dilatato
470 939 684 1026 sumgeias,
715 925 922 1022 leptoderma',
955 938 1052 1006 diluto
1073 937 1256 1024 fermgiuea

23 1043 163 1124 spiculum
191 1043 478 1110 convexo-conicum
510 1043 708 1127 apiculatum.
754 1045 894 1110 Asbolus
917 1063 933 1110 e
955 1043 1070 1126 triplici
1093 1042 1171 1108 serie
1194 1042 1257 1107 cel-

23 1146 116 1214 nlamm
136 1148 331 1232 compositus.
376 1147 555 1215 Peristomii
577 1148 682 1215 dentes
705 1148 871 1230 latiusculi,
895 1149 1011 1214 infame
1034 1147 1179 1225 aurentii,
1203 1165 1255 1212 su-

23 1269 79 1316 amc
99 1253 301 1333 latescentes,
324 1253 388 1320 late
410 1252 740 1339 hyalino-marginali,
764 1253 878 1322 interni
900 1252 1077 1320 lutescentis
1098 1267 1257 1337 processus

23 1355 169 1442 rbintegri,
205 1356 277 1424 cilis
312 1355 507 1437 2-3·nata,
543 1358 645 1443 longa.
691 1358 797 1442 Bryol.
821 1378 883 1425 cur.
906 1355 1062 1435 v01.v1,
1091 1356 1168 1422 Tab.
1191 1353 1256 1422 566

23 1459 48 1522 l.
65 1459 237 1546 teudila).

23 1579 136 1666 lypnum
150 1583 304 1668 ptuoimile
326 1581 387 1650 Su.
411 1603 448 1651 ex
469 1585 557 1667 parte
579 1585 611 1650 et
634 1582 769 1650 omnium
793 1583 856 1650 fere
878 1583 1048 1648 auctorum

23 1683 135 1773 lypsana
167 1689 330 1775 iniquum
350 1687 452 1755 Hoou.
484 1689 517 1754 et
539 1687 671 1754 Wunson
692 1688 797 1773 Bryol.
820 1687 899 1752 Brit.
923 1707 952 1772 p.
977 1684 1054 1764 3613
1086 1705 1103 1752 e
1132 1684 1257 1769 specim.

90 1795 206 1860 auctor.

23 1917 229 2002 ‚mblysuqiom
249 1917 412 2001 irriqcum
427 1913 500 1982 Son.
518 1915 622 1998 Bryol.
639 1933 713 1994 eur,
737 1913 844 1996 Suppl.
861 1912 900 1979 ad
915 1931 983 1997 gen.
1000 1912 1256 1998 Aorblystcpium.

89 2015 137 2086 Da
158 2019 281 2087 Nossa.
305 2019 386 2104 llpil.
430 2019 557 2112 Henna.
580 2018 692 2086 Skand.
715 2018 763 2085 ill.
786 2018 833 2085 ed.
860 2017 909 2084 10.

23 2159 58 2206 nr.
79 2148 99 2221 β
120 2141 281 2224 tenellum,
313 2140 428 2220 minus,
459 2139 544 2208 foliis
576 2139 782 2220 brevioribus,
814 2140 901 2205 coste
929 2138 1067 2206 tenuiore
1095 2137 1151 2204 sub
1173 2137 1258 2220 apice

89 2245 229 2312 evanida

23 2367 88 2430 any
110 2349 321 2436 epiuisolium.
352 2349 510 2434 Gaespites
532 2349 740 2428 atromrides,
762 2350 854 2434 longe
875 2350 997 2434 lateque
1019 2349 1146 2416 extensi.
1176 2347 1257 2414 Gau·

88 2453 127 2520 lis
150 2454 325 2539 elongatus,
347 2452 598 2533 3-5·uncielis,
620 2455 959 2538 flexuoso-prostratus,
982 2453 1257 2531 suberadiculosus,

88 2577 229 2627 ramosus
258 2562 291 2626 et
321 2558 649 2642 pinnato-remulcens.
694 2559 783 2626 Folia
814 2559 969 2640 conferta,
1007 2559 1119 2627 stricta
1148 2557 1256 2636 solida,

86 2663 286 2750 angustiora,
307 2666 396 2731 costa
416 2683 520 2733 crassa
543 2667 721 2733 excurrente
744 2664 1105 2748 apiniformiouspideta.
1151 2663 1257 2731 Florea

86 2769 118 2836 et
141 2769 259 2835 ductum
281 2768 392 2856 ignoti.

24 2871 135 2956 'ypram
155 2872 377 2956 faileubam.
400 2874 495 2940 Musa
518 2875 655 2942 recent?

67 2976 177 3042 Hodie.
201 2975 240 3043 ad
262 2995 335 3042 saxa
357 2978 541 3062 praeprimis
564 2977 670 3045 silices
692 2977 724 3044 iu
746 2978 868 3058 rivulis,
890 2977 931 3045 ad
952 2996 1056 3044 muros
1070 2975 1260 3044 molendina-

24 3097 43 3144 s
64 3081 214 3166 irrigatos
236 3099 291 3164 per
312 3082 413 3148 totam
436 3082 500 3150 fere
521 3083 687 3166 Europam,
710 3085 810 3152 rarius
833 3085 865 3150 in
887 3081 1139 3166 septentrionali;
1163 3098 1261 3164 vary

24 3203 125 3262 ‚asra
148 3185 333 3268 praeprimis
355 3187 502 3265 calcares,
525 3188 647 3272 saepius
669 3188 827 3256 inundata.

69 3289 180 3356 Fam.
204 3297 322 3356 matur.
344 3290 441 3374 Majo.

67 3401 172 3461 Differt
196 3404 234 3462 ab
257 3401 295 3461 A.
316 3403 455 3478 pommus·
482 3403 634 3480 rigiditate
667 3403 759 3465 totius
792 3403 929 3479 plantas,
959 3401 1040 3461 caule
1065 3402 1259 3476 subpinnato·

25 3487 142 3560 mulceo,
173 3487 252 3548 foliis
282 3490 466 3550 solidioribus
495 3491 560 3550 basi
581 3491 736 3551 latioribus
759 3490 980 3550 decurrentibus
1003 3491 1041 3549 ad
1063 3489 1188 3566 angulos
1210 3507 1258 3549 ox·

25 3579 101 3634 ratos
123 3576 222 3637 laxius
243 3577 351 3648 textis,
374 3580 458 3638 costa
478 3577 628 3649 tenuiore,
651 3578 773 3654 capsula
793 3595 846 3653 pro
869 3594 947 3637 more
969 3577 1100 3638 breviore
1123 3576 1260 3648 molliore,

25 3661 55 3722 tis
76 3663 184 3724 areolis
205 3663 397 3742 longioribus.
906 3685 909 3694 ⁴

69 3769 182 3828 Buram
204 3769 235 3830 et
257 3785 355 3830 omues
377 3769 436 3832 fero
458 3769 600 3848 Bryologi
623 3769 798 3831 rametstem
820 3785 839 3844 γ
861 3787 926 3829 cum
948 3767 1051 3846 Hyper·
1078 3769 1181 3844 filiani
1209 3784 1259 3828 ra·

25 3853 87 3914 stete
119 3855 209 3916 simili
238 3859 505 3930 commutaverunt,
535 3875 593 3932 qna
622 3858 657 3918 de
678 3875 710 3917 re
732 3857 774 3916 nil
797 3857 870 3918 certi
892 3857 926 3917 de
950 3855 1070 3916 Bridelii
1093 3855 1132 3914 H.
1154 3856 1262 3931 fallam

25 3943 122 4014 cluere,
146 3960 308 4020 possumus,
331 3947 361 4004 et
383 3961 440 4006 nou
463 3945 585 4006 ulterius
607 3945 635 4005 in
659 3946 862 4022 synonyminm
883 3944 1004 4020 hujusce
1026 3943 1067 4004 sic
1083 3943 1179 4003 dictae
1195 3960 1261 4018 spe·

25 4027 39 4086 li
60 4029 260 4091 desudandum
282 4033 337 4091 eet.

347 4224 392 4279 11.
422 4223 700 4293 Amblyetegium
723 4222 904 4280 fluviatile.

402 4343 540 4420 Hypnum
556 4342 697 4404 fluviatile
713 4342 843 4402 Susum.

71 4469 229 4555 Caecpites
251 4473 482 4554 atro-mentes,
504 4474 965 4561 latescenti·viridi-variegati,
988 4471 1158 4556 deplanati,
1181 4473 1260 4538 mol·

26 4591 42 4636 s.
85 4575 191 4642 Cauiis
214 4596 304 4660 parce
331 4579 541 4660 radiculosua,
574 4580 677 4647 aetate
707 4578 791 4644 loliis
821 4576 1037 4661 decompositis
1068 4576 1136 4642 basi
1165 4577 1261 4642 denu-

26 4681 86 4758 tus,
109 4681 293 4763 prostratus,
316 4680 402 4767 apice
424 4683 598 4762 ascendens,
621 4683 749 4750 ramulis
771 4682 897 4749 remotis
913 4680 1103 4767 longioribus
1119 4681 1260 4748 suberec-
