3182 5252
534 335 701 413 fissum
1195 342 1258 410 797

32 515 126 584 lilatrto
144 519 327 598 constricta,
350 519 489 603 operculo
512 517 784 597 convexo-conice,
813 517 925 584 annulo
948 515 1076 601 perlato.
1120 465 1260 588 Periste-

32 623 235 708 clangueris.
280 623 386 708 Bryol.
410 642 473 689 eur.
496 622 566 688 Vol.
590 621 646 702 VI,
668 621 743 690 Tab.
767 619 841 686 612.

32 745 144 830 lypaum
171 744 371 828 scorpioides,
408 745 563 828 palustre,
593 762 757 828 magnum,
788 742 951 826 Lpeopodii
980 743 1079 812 instar
1109 765 1259 830 sparsum.

104 851 185 915 Dran.
207 849 291 915 Hist.
313 848 411 915 Musc.
435 868 465 932 p.
489 845 563 928 290,
585 849 609 913 t.
633 846 683 926 37,
705 847 728 912 t.
752 846 803 912 25.

50 953 124 1018 unu.
146 953 195 1036 Sp.
216 953 321 1020 Plant.
351 952 462 1017 Hnnw.
486 950 572 1035 Spec.
594 950 693 1017 Musa.
723 950 813 1016 Banu.
836 950 941 1036 Bryol.
964 951 1047 1019 univ.
1070 955 1103 1020 et
1124 957 1260 1023 omnium

101 1057 306 1125 recentiomm.

83 1179 183 1244 liubit.
218 1177 250 1244 in
280 1179 426 1245 turfaceis
449 1177 612 1264 uliginosis
635 1195 651 1243 e
674 1175 803 1260 planitie
824 1195 921 1259 usque
944 1179 974 1242 iu
996 1179 1151 1265 regionem
1175 1203 1261 1249 mon·

31 1301 96 1348 uam
118 1302 208 1350 nonae
228 1283 428 1350 intermediae
449 1284 541 1366 atque
563 1281 829 1365 septentrionalis:
852 1281 971 1365 copiose
993 1285 1133 1366 prouenit
1148 1286 1181 1352 in
1196 1289 1262 1352 tur·

31 1385 69 1450 sis
88 1405 175 1470 prope
197 1386 396 1454 Monacbium
427 1387 460 1452 et
482 1384 716 1471 Salisburgum‚
747 1385 847 1452 rarius
870 1385 901 1451 in
923 1387 1005 1454 valle
1027 1388 1181 1471 rhenano,
1214 1391 1264 1459 hic

31 1489 60 1554 lic
78 1490 106 1554 in
127 1490 286 1558 Helvetiae
307 1490 439 1558 vallibus
462 1492 494 1556 et
517 1491 611 1556 Jurae
643 1488 771 1556 turiosis
793 1489 1017 1572 superioribus,
1049 1511 1141 1577 prope
1164 1496 1263 1560 Moe-t

31 1597 128 1660 mulne
148 1595 275 1662 ditionis
297 1594 486 1680 parisiensis,
508 1613 562 1678 per
584 1592 783 1660 Hollandiam
804 1594 896 1676 atque
919 1594 1118 1664 Germaniam
1140 1602 1263 1683 septen-

30 1699 166 1780 ionalem,
199 1698 251 1766 ubi
275 1699 307 1765 in
328 1701 428 1766 vastis
451 1697 615 1783 paludibus
637 1697 778 1780 planitiei
800 1715 817 1764 e
837 1697 1087 1784 vulgarioribus,
1110 1722 1165 1786 per
1187 1704 1263 1772 Sue-

30 1821 71 1869 an
90 1803 238 1888 usquein
260 1803 459 1887 Iapponiam.
504 1803 530 1868 Ε
553 1803 743 1868 Terra-nova
766 1803 798 1868 ot
819 1821 836 1868 a
859 1801 981 1870 caneda
1003 1805 1153 1889 possideo.

77 1908 183 1976 nnec.
206 1918 324 1977 matur.
348 1927 419 1975 vere
440 1908 472 1974 et
494 1907 620 1974 ineunte
642 1907 771 1974 aestate

76 2021 179 2082 Ditlert
203 2024 241 2083 ab
263 2021 302 2081 H.
326 2021 540 2099 lycopodioidc,
573 2037 637 2078 cum
659 2036 717 2094 quo
740 2019 840 2079 eadem
862 2020 981 2081 habitat
1001 2022 1066 2082 loca
1088 2025 1177 2098 atque
1199 2041 1265 2084 sae·

30 2123 56 2166 us
76 2111 284 2180 commutatur,
307 2108 386 2168 toliis
408 2107 590 2168 breuioribus
611 2107 766 2167 latioribus
788 2108 917 2168 breuiter
939 2111 969 2169 et
991 2111 1095 2170 obtuse
1117 2112 1265 2171 acumina·

30 2213 34 2252 ι
53 2197 244 2258 subacoetatis
266 2196 345 2256 baud
368 2195 490 2255 sulcatis
512 2195 630 2270 turgide
652 2194 831 2265 imbricatis,
858 2197 946 2256 ramis
975 2200 1005 2256 et
1033 2199 1154 2258 ramulis
1182 2199 1265 2258 circi·

30 2283 201 2344 uto-incurvis
223 2282 460 2359 turgescentibus
482 2282 692 2342 subteretibus.

76 2371 237 2432 Robustius
253 2370 428 2450 graciliusue
444 2369 589 2444 provenit,
611 2367 689 2429 foliis
704 2369 770 2443 plus
786 2369 883 2428 minus
898 2369 1036 2430 distincte
1052 2373 1196 2444 secundis,
1217 2392 1267 2433 ra-

30 2455 103 2518 nliuis
126 2459 286 2520 formarum
308 2457 494 2533 graciliorum
518 2457 644 2516 falcatis.
675 2457 710 2515 lu
734 2456 902 2533 regionibus
925 2455 1125 2532 frigidioribus
1147 2461 1267 2536 plantae

29 2545 67 2604 rud
89 2563 157 2608 raro
181 2547 264 2606 totae
288 2545 446 2620 nigricant,
467 2545 556 2619 atque
579 2543 776 2603 crassissimae
799 2544 993 2618 reperiuntur.

412 2729 491 2807 den.
516 2733 549 2806 4.
603 2728 845 2825 Hylonominm.

533 2873 599 2933 Son.
622 2873 725 2933 Ooroll.

74 3002 212 3070 Plantae
234 3003 408 3086 speciosae,
442 3022 496 3087 pro
531 3004 619 3086 parta
652 3002 783 3086 majores
806 3003 973 3084 Familias,
1006 3008 1155 3092 caespites
1190 3030 1269 3097 ongo

29 3105 111 3190 boue
134 3111 279 3176 extensos
302 3109 388 3175 laxos
418 3107 768 3176 tumescenti-demissos
801 3108 901 3175 rarius
934 3111 1034 3178 elatos
1064 3113 1270 3194 efformantes

29 3209 114 3290 lidae,
137 3212 257 3296 pluries
279 3211 405 3292 buseo,
427 3210 798 3296 bipinnatotascieulato·
821 3214 853 3278 et
875 3232 951 3298 vage
967 3216 1147 3284 ramulosae.
1193 3217 1271 3285 Gau·

29 3317 175 3401 rligneus
200 3315 415 3396 erudiculosus,
438 3315 558 3399 saepius
581 3315 784 3399 parapbylliis
807 3318 978 3384 numerosis
1000 3321 1131 3388 ramosis
1147 3322 1271 3405 pallidis

29 3421 142 3501 tectus,
166 3440 205 3488 ex
226 3419 312 3503 apice
333 3420 511 3500 continuus,
534 3421 584 3486 val
606 3419 725 3486 turione
747 3421 872 3487 robusto
895 3423 1003 3490 stricto
1025 3444 1042 3491 e
1064 3426 1161 3494 latere
1184 3447 1272 3511 supe-

29 3543 69 3592 ›re
91 3525 304 3594 innovationis
325 3525 489 3592 annotinae
511 3527 654 3592 arcuatae
675 3524 850 3609 egrediente
872 3527 1029 3595 innovans.
1074 3530 1163 3598 Folia
1185 3532 1272 3598 undi-

29 3649 50 3696 re
70 3631 233 3714 patentia,
259 3630 308 3696 vel
330 3649 511 3712 squamosa,
542 3629 642 3696 rarius
664 3628 870 3710 subsecundo,
893 3633 1046 3712 scuriose,
1070 3635 1187 3716 nitida,
1209 3636 1273 3703 late

29 3737 102 3816 ata,
130 3733 316 3813 oboordata‚
349 3733 474 3820 longius
496 3734 676 3817 breviusque
698 3734 895 3815 acuminata,
927 3737 994 3804 toto
1015 3740 1135 3806 ambitu
1158 3741 1273 3807 minute

29 3841 121 3920 nata,
146 3837 282 3905 tenuiter
303 3837 472 3918 bioostata,
496 3838 589 3905 sulcis
611 3838 791 3922 plenumque
812 3840 881 3921 plus
904 3840 1006 3909 minus
1029 3845 1200 3912 numerosis
1222 3864 1274 3911 ex-

29 3951 88 4022 sta,
111 3943 192 4010 retis
215 3943 370 4025 pertenuis
392 3941 503 4010 meotis
525 3941 689 4008 linearibus
713 3944 960 4028 angustissimis,
983 3946 1022 4013 ed
1043 3947 1132 4014 basin
1153 3947 1275 4016 latiori-

29 4046 275 4134 nangularibus
298 4047 462 4114 similibus.
500 4047 605 4114 Floras
629 4046 740 4124 dioici;
774 4049 901 4116 maseuli
923 4050 955 4116 in
978 4053 1071 4118 rumis
1087 4055 1275 4121 secundariis

46 4155 190 4234 ramulis,
212 4152 336 4219 feminei
357 4152 389 4218 in
412 4153 497 4220 caule
520 4151 667 4236 primerio
682 4153 838 4219 annotino.
869 4154 1095 4224 Pericbaetium
1111 4160 1141 4224 in
1156 4159 1276 4226 ramulo

29 4257 212 4326 ricbaetiali
234 4255 319 4322 brevi
341 4255 423 4323 baud
443 4255 601 4323 radicante
624 4255 852 4342 salsuginem,
882 4276 899 4324 e
921 4259 1004 4326 toliis
1026 4261 1172 4328 ecostatis
1195 4263 1276 4330 esul-

29 4363 69 4428 tis
91 4359 311 4446 compositum.
357 4359 505 4446 Galyptra
527 4359 758 4446 angustissima,
780 4361 987 4448 fugacissimo,
1010 4365 1058 4430 vel
1080 4364 1189 4449 maj0r,
1211 4367 1277 4434 lon·

29 4489 61 4534 us
85 4466 272 4554 persistens,
295 4463 503 4532 solidiuseula.
548 4463 683 4548 Capsuln
704 4466 768 4532 alte
789 4466 982 4550 pedicellata,
1003 4485 1132 4549 cernua,
1155 4470 1277 4555 saepius

29 4571 224 4650 renouentur,
258 4569 382 4656 turgide
414 4568 547 4654 oblonga
569 4568 618 4636 vel
641 4571 843 4640 crassiuscule
864 4575 955 4640 ovata
976 4575 1010 4641 et
1031 4574 1276 4661 ovato-globosa,

29 4677 221 4763 chpderma,
244 4673 396 4756 oensem,
425 4673 654 4744 rufo-brunnen.
699 4675 882 4760 Operculum
905 4677 1096 4762 mamillam,
1129 4698 1279 4747 munero·
