3054 5238
575 207 718 279 lirum

25 378 193 444 &cremia
216 380 402 448 mennon
447 381 539 448 Wna.
564 383 596 449 et
619 383 727 450 Mona.
771 385 872 451 lloon.
896 385 928 451 et
944 385 1039 454 usn.
1086 389 1119 456 (l.
1140 389 1285 458 liburna.

112 485 279 552 Hranunu.
305 486 445 554 Wrnsou.

25 589 178 655 Ptilonotab
201 591 291 656 Bam.
315 591 421 676 Bryol.
444 591 528 658 univ.
574 591 632 658 Bu.
654 593 688 660 et
710 592 783 660 Suu.
807 593 913 678 Brpol.
937 615 1000 663 eur.

378 781 511 867 Subgen.
538 781 566 848 1.
612 781 908 850 Philonotula.

91 917 220 986 Plantae
242 919 377 986 humiles
400 919 647 1003 procumbentes,
672 920 867 989 luscicnlnto·
890 925 922 988 et
944 923 1156 1008 irregulariter
1177 945 1283 993 remn-

25 1041 96 1100 osae,
116 1023 197 1088 loliis
221 1022 334 1090 erectis
357 1025 406 1090 vel
429 1025 580 1104 secundis,
604 1025 731 1093 floribus
747 1028 904 1106 monoicis,
929 1029 1073 1096 masculis
1088 1032 1282 1116 gemmaoeis,

25 1127 210 1206 peristomium
234 1127 392 1196 internum
415 1128 515 1196 minus
540 1129 718 1212 perlectum.

440 1333 466 1386 l.
496 1329 695 1388 Philonotis
717 1331 841 1400 rigida.

487 1453 570 1513 Ram.
594 1452 692 1529 Bryol.
716 1453 794 1514 univ.

90 1580 188 1649 Caulis
203 1583 307 1649 breuis
323 1585 355 1650 et
370 1584 581 1666 brevissimus,
604 1587 697 1652 dense
711 1586 911 1665 radiculosus,
933 1605 1011 1672 vage
1033 1588 1065 1653 et
1086 1585 1280 1654 lascicdato·

25 1685 175 1752 umulosus.
222 1686 312 1754 Folia
333 1689 487 1768 conserta,
518 1691 793 1774 erecto-patentia,
825 1690 943 1777 rigida,
975 1691 1166 1769 lanceolata,
1191 1693 1280 1758 costa

25 1787 103 1854 ulida
121 1791 281 1858 excedente
305 1792 439 1860 breuiter
461 1794 603 1874 aristote,
626 1795 765 1879 margine
780 1796 890 1880 arguto
905 1795 1023 1861 serrato
1037 1793 1159 1872 reflexa,
1180 1793 1280 1860 luteo-

25 1893 45 1954 nt
63 1891 281 1974 imm-riridia3
316 1896 545 1979 perichaetialia
567 1917 682 1981 pauca,
705 1898 849 1984 vaginula
872 1897 1026 1976 breviora,
1049 1897 1278 1964 ouamlanoso·

25 1993 81 2072 lata,
100 2017 155 2064 ma
175 2017 246 2064 oum
269 2001 357 2066 costa
380 2001 412 2066 in
428 2002 558 2068 aristam
574 2002 700 2088 longam
715 2001 940 2068 subflexuosam
956 2000 1114 2084 producto,
1138 1999 1279 2084 margine

25 2097 139 2183 integra,
171 2102 240 2170 lare
274 2105 379 2183 tenta,
412 2107 527 2173 tenuia.
572 2106 646 2173 Flos
675 2107 829 2173 masculus
863 2124 941 2189 pone
963 2104 1127 2171 femineum
1150 2105 1277 2188 positus.

25 2201 131 2284 Capsula
150 2207 213 2273 alte
236 2207 430 2290 pedicellata,
454 2229 577 2296 magna,
601 2210 739 2294 globosa,
762 2211 906 2294 operculo
929 2228 945 2276 e
967 2208 1036 2276 basi
1057 2227 1190 2276 convexa
1211 2208 1278 2292 api·

25 2307 126 2374 colato·
152 2311 333 2378 Peristomii
366 2312 473 2380 dentes
510 2314 663 2382 breviores
702 2314 842 2382 siccitate
879 2315 1015 2395 incurvi,
1052 2312 1277 2398 atropurpurei.

25 2411 104 2494 Brpol.
119 2433 178 2482 eur.
200 2416 274 2482 Vol.
291 2415 346 2495 lV,
369 2417 445 2484 Tab.
462 2417 535 2485 326.

27 2531 171 2603 llndonotio
193 2540 306 2624 rigido
334 2539 422 2606 ocule
449 2539 649 2621 brevissimo,
682 2541 778 2609 ramis
800 2541 1052 2608 subverticillatis
1075 2540 1186 2609 erectis
1208 2540 1278 2608 bre·

110 2641 262 2723 olusculis,
285 2642 368 2709 loliis
391 2642 563 2710 imbricatis
586 2644 705 2711 strictis
728 2643 1032 2713 lineari-lanceolatis
1052 2645 1162 2730 argute
1177 2663 1278 2711 serru-

109 2745 188 2826 latis,
210 2747 393 2830 pedunculis
414 2748 647 2828 crassiusculis,
671 2751 761 2816 theca
783 2749 999 2832 subspbaerica
1020 2768 1140 2816 cernua
1185 2749 1276 2814 Bam.

110 2851 209 2936 Bryol.
235 2852 321 2919 univ.
345 2852 387 2934 Il,
411 2873 440 2935 p.
468 2853 517 2918 17.

26 2946 184 3020 budrcmio
216 2957 329 3042 rigido
357 2956 450 3023 Bous.
485 2959 517 3023 et
539 2958 588 3023 Du
610 2957 730 3024 Nonus.
754 2957 868 3042 Pugill.
914 2957 963 3022 Du
985 2955 1103 3023 Nouus.
1137 2955 1213 3039 Syll.
1245 2955 1277 3021 et

110 3057 185 3141 ilpil.
231 3060 290 3126 Bn.
314 3062 347 3127 et
368 3061 441 3128 Suu.
466 3061 572 3147 Brpol.
595 3063 678 3127 univ.
725 3062 758 3129 C.
776 3063 910 3128 Mbcnus
936 3061 1067 3145 Synops.

25 3151 80 3222 lor·
99 3167 116 3239 β
136 3165 287 3248 proellis,
318 3166 405 3232 caule
435 3165 594 3252 longiore,
629 3167 758 3233 ramulis
781 3164 978 3234 verticillatis
1002 3163 1091 3232 valde
1112 3161 1276 3247 elongatis,

111 3266 320 3350 pollicaribus,
350 3269 432 3336 foliis
454 3270 600 3351 remotis,
634 3269 849 3348 subsecundis,
872 3269 1014 3351 capsulae
1037 3265 1185 3351 pedicello
1207 3265 1276 3331 lon-

110 3369 188 3454 giore
210 3373 356 3440 flexuoso.

26 3465 184 3540 &cremia
207 3477 371 3543 odebrico
393 3479 555 3546 Lmbuults
578 3479 651 3544 mst.

93 3595 190 3664 llobit.
222 3601 257 3666 in
290 3601 428 3666 arenosis
456 3603 488 3666 et
519 3602 644 3684 rupibus
674 3599 823 3667 humidis:
862 3599 893 3664 in
919 3597 1015 3665 ltalia
1041 3617 1133 3682 prope
1162 3595 1275 3664 Messi·

26 3709 79 3759 nnm
97 3699 277 3788 (Buusnrro),
306 3703 339 3769 in
361 3703 462 3770 insula
485 3705 592 3771 Isclic
614 3705 767 3790 (Bonus),
798 3723 844 3787 pr.
870 3703 1016 3768 Loccmo
1038 3703 1078 3769 ad
1098 3701 1275 3768 Verbanum

26 3795 167 3888 lbnnnnr),
188 3808 228 3874 ad
250 3827 341 3891 mpes
364 3808 506 3876 humidas
528 3807 560 3874 in
583 3808 710 3892 Liguria
732 3801 828 3890 supra'
845 3805 945 3871 Voltri
966 3807 1159 3892 (Bnnsnuo);
1181 3823 1274 3889 prope

27 3897 165 3975 lleronin
193 3913 300 3997 'lyroli
331 3911 525 3978 meridionali
554 3913 790 3996 (Bruncseua);
819 3910 851 3977 in
879 3909 1044 3978 Hiberniae
1075 3909 1275 3995 Mopbcoobo

28 4001 101 4072 Gloeo
127 4033 168 4095 pr.
194 4017 304 4082 llolec
327 4015 471 4099 (Wusos
495 4019 529 4083 et
548 4017 642 4103 ipse);
665 4016 697 4081 in
728 4015 855 4098 rupibus
885 4014 1016 4081 madidis
1037 4015 1076 4081 cd
1100 4014 1275 4100 Bcdpcllcrt

26 4103 237 4186 lambendum
252 4121 304 4206 (G.
321 4121 446 4204 Huun);
468 4121 638 4204 inaquosis
654 4140 700 4204 pr.
718 4119 905 4206 Mancinique
925 4119 1093 4205 Algarviae
1114 4116 1161 4203 (u.
1178 4117 1219 4184 H.
1234 4135 1274 4182 nu

27 4209 291 4310 Sonus-brunnon),
321 4245 387 4292 var.
407 4233 428 4306 β
450 4225 482 4292 in
505 4225 602 4310 sylvis
623 4225 663 4292 ad
686 4223 879 4291 stillicidium
891 4243 1040 4306 aquarum
1061 4241 1154 4306 prope
1168 4221 1275 4289 Pisum

27 4311 113 4386 loun
138 4327 175 4394 cl.
207 4329 319 4396 Brocnr
353 4329 410 4396 sub
439 4330 561 4396 nomine
593 4329 652 4395 Pb.
674 4329 827 4414 sentence
859 4327 963 4410 misit,
995 4325 1192 4394 incelebris
1221 4327 1274 4416 (cl.

29 4415 181 4516 Pisaurus).

96 4527 191 4600 Fece.
212 4543 334 4604 motor.
355 4535 459 4605 Junlo.
