<?xml version="1.0" encoding="UTF-8"?>
<!DOCTYPE html PUBLIC "-//W3C//DTD XHTML 1.0 Transitional//EN"
    "http://www.w3.org/TR/xhtml1/DTD/xhtml1-transitional.dtd">
<html xmlns="http://www.w3.org/1999/xhtml" xml:lang="en" lang="en">
 <head>
  <title>
</title>
<meta http-equiv="Content-Type" content="text/html;charset=utf-8" />
  <meta name='ocr-system' content='tesseract 3.04.00' />
  <meta name='ocr-capabilities' content='ocr_page ocr_carea ocr_par ocr_line ocrx_word'/>
</head>
<body>
  <div class='ocr_page' id='page_1' title='image "./synopsismuscoru00schigoog_0752.png"; bbox 0 0 3374 5250; ppageno 0'>
   <div class='ocr_carea' id='block_1_1' title="bbox 307 337 1044 408">
    <p class='ocr_par' dir='ltr' id='par_1_1' title="bbox 307 337 1044 408">
     <span class='ocr_line' id='line_1_1' title="bbox 307 337 1044 408; baseline -0.001 -13"><span class='ocrx_word' id='word_1_1' title='bbox 307 337 372 408; x_wconf 75' lang='grc'><strong>590</strong></span> <span class='ocrx_word' id='word_1_2' title='bbox 840 337 1044 394; x_wconf 66' lang='lat' dir='ltr'><strong>sermm</strong></span> 
     </span>
    </p>
   </div>
   <div class='ocr_carea' id='block_1_2' title="bbox 307 467 1585 599">
    <p class='ocr_par' dir='ltr' id='par_1_2' title="bbox 307 467 1585 599">
     <span class='ocr_line' id='line_1_2' title="bbox 307 467 1585 599; baseline -0.002 -19"><span class='ocrx_word' id='word_1_3' title='bbox 307 514 613 599; x_wconf 64' lang='lat' dir='ltr'><strong>senapariam</strong></span> <span class='ocrx_word' id='word_1_4' title='bbox 636 513 765 580; x_wconf 68' lang='lat' dir='ltr'><strong>sursus</strong></span> <span class='ocrx_word' id='word_1_5' title='bbox 787 467 1055 596; x_wconf 62' lang='lat' dir='ltr'><strong>procumbentibus</strong></span> <span class='ocrx_word' id='word_1_6' title='bbox 1079 510 1330 593; x_wconf 70' lang='lat' dir='ltr'><strong>susepruaess,</strong></span> <span class='ocrx_word' id='word_1_7' title='bbox 1361 511 1459 578; x_wconf 67' lang='lat' dir='ltr'><strong>amn</strong></span> <span class='ocrx_word' id='word_1_8' title='bbox 1481 531 1585 578; x_wconf 67' lang='lat' dir='ltr'><strong>m-</strong></span> 
     </span>
    </p>
   </div>
   <div class='ocr_carea' id='block_1_3' title="bbox 309 614 1584 1322">
    <p class='ocr_par' dir='ltr' id='par_1_3' title="bbox 309 614 1584 1322">
     <span class='ocr_line' id='line_1_3' title="bbox 415 614 1584 698; baseline -0.003 -15"><span class='ocrx_word' id='word_1_9' title='bbox 415 617 567 697; x_wconf 84' lang='lat' dir='ltr'><strong>deniibus,</strong></span> <span class='ocrx_word' id='word_1_10' title='bbox 590 616 672 684; x_wconf 86' lang='lat' dir='ltr'><strong>loliis</strong></span> <span class='ocrx_word' id='word_1_11' title='bbox 695 617 795 682; x_wconf 85' lang='lat' dir='ltr'><strong>oualis</strong></span> <span class='ocrx_word' id='word_1_12' title='bbox 818 617 918 686; x_wconf 79' lang='lat' dir='ltr'><strong>acutis</strong></span> <span class='ocrx_word' id='word_1_13' title='bbox 940 616 1080 684; x_wconf 73' lang='lat' dir='ltr'><strong>concavis</strong></span> <span class='ocrx_word' id='word_1_14' title='bbox 1102 614 1271 692; x_wconf 87' lang='lat' dir='ltr'><strong>euerribus,</strong></span> <span class='ocrx_word' id='word_1_15' title='bbox 1294 616 1429 698; x_wconf 77' lang='lat' dir='ltr'><strong>capsulis</strong></span> <span class='ocrx_word' id='word_1_16' title='bbox 1446 616 1584 698; x_wconf 80' lang='lat' dir='ltr'><strong>oblongis</strong></span> 
     </span>
     <span class='ocr_line' id='line_1_4' title="bbox 415 717 1584 803; baseline -0.002 -17"><span class='ocrx_word' id='word_1_17' title='bbox 415 721 545 786; x_wconf 87' lang='lat' dir='ltr'><strong>cernuis.</strong></span> <span class='ocrx_word' id='word_1_18' title='bbox 591 719 766 785; x_wconf 83' lang='lat' dir='ltr'><strong>Wsnunun.</strong></span> <span class='ocrx_word' id='word_1_19' title='bbox 795 719 876 785; x_wconf 78' lang='lat' dir='ltr'><strong>Fler.</strong></span> <span class='ocrx_word' id='word_1_20' title='bbox 907 721 990 803; x_wconf 89' lang='lat' dir='ltr'><strong>lapp.</strong></span> <span class='ocrx_word' id='word_1_21' title='bbox 1013 739 1043 803; x_wconf 93' lang='lat' dir='ltr'><strong>p.</strong></span> <span class='ocrx_word' id='word_1_22' title='bbox 1068 719 1149 798; x_wconf 69' lang='lat'><strong>3693</strong></span> <span class='ocrx_word' id='word_1_23' title='bbox 1181 717 1278 801; x_wconf 82' lang='lat' dir='ltr'><strong>ejusd.</strong></span> <span class='ocrx_word' id='word_1_24' title='bbox 1310 719 1394 785; x_wconf 81' lang='lat' dir='ltr'><strong>Fler.</strong></span> <span class='ocrx_word' id='word_1_25' title='bbox 1426 719 1513 786; x_wconf 89' lang='lat' dir='ltr'><strong>Suec.</strong></span> <span class='ocrx_word' id='word_1_26' title='bbox 1544 719 1584 796; x_wconf 78' lang='grc' dir='ltr'><strong>Π,</strong></span> 
     </span>
     <span class='ocr_line' id='line_1_5' title="bbox 417 823 878 909; baseline 0 -21"><span class='ocrx_word' id='word_1_27' title='bbox 417 823 480 889; x_wconf 82' lang='grc'><strong>713</strong></span> <span class='ocrx_word' id='word_1_28' title='bbox 503 825 534 908; x_wconf 84' lang='lat' dir='ltr'><strong>(e</strong></span> <span class='ocrx_word' id='word_1_29' title='bbox 556 825 679 906; x_wconf 82' lang='lat' dir='ltr'><strong>specim.</strong></span> <span class='ocrx_word' id='word_1_30' title='bbox 704 824 878 909; x_wconf 73' lang='lat' dir='ltr'><strong>auctorisli.</strong></span> 
     </span>
     <span class='ocr_line' id='line_1_6' title="bbox 351 913 1583 1011; baseline 0 -19"><span class='ocrx_word' id='word_1_31' title='bbox 351 929 442 993; x_wconf 83' lang='lat' dir='ltr'><strong>Bure.</strong></span> <span class='ocrx_word' id='word_1_32' title='bbox 474 929 579 1011; x_wconf 82' lang='lat' dir='ltr'><strong>Bryol.</strong></span> <span class='ocrx_word' id='word_1_33' title='bbox 611 928 692 992; x_wconf 87' lang='lat' dir='ltr'><strong>uuir.</strong></span> <span class='ocrx_word' id='word_1_34' title='bbox 738 928 795 993; x_wconf 89' lang='lat' dir='ltr'><strong>Bn.</strong></span> <span class='ocrx_word' id='word_1_35' title='bbox 818 913 946 994; x_wconf 43' lang='lat' dir='ltr'><strong>ei‘Scns.</strong></span> <span class='ocrx_word' id='word_1_36' title='bbox 981 927 1087 1010; x_wconf 86' lang='lat' dir='ltr'><strong>Bryel.</strong></span> <span class='ocrx_word' id='word_1_37' title='bbox 1112 947 1174 992; x_wconf 90' lang='lat' dir='ltr'><strong>eur.</strong></span> <span class='ocrx_word' id='word_1_38' title='bbox 1220 929 1380 992; x_wconf 79' lang='lat' dir='ltr'><strong>Hunnmsm</strong></span> <span class='ocrx_word' id='word_1_39' title='bbox 1401 927 1517 994; x_wconf 82' lang='lat' dir='ltr'><strong>Skaud.</strong></span> <span class='ocrx_word' id='word_1_40' title='bbox 1538 927 1583 992; x_wconf 79' lang='lat' dir='ltr'><strong>Fl</strong></span> 
     </span>
     <span class='ocr_line' id='line_1_7' title="bbox 418 1030 781 1114; baseline 0 -18"><span class='ocrx_word' id='word_1_41' title='bbox 418 1030 550 1096; x_wconf 82' lang='lat' dir='ltr'><strong>Wuusen</strong></span> <span class='ocrx_word' id='word_1_42' title='bbox 574 1031 677 1114; x_wconf 85' lang='lat' dir='ltr'><strong>Bryol.</strong></span> <span class='ocrx_word' id='word_1_43' title='bbox 701 1031 781 1096; x_wconf 76' lang='lat' dir='ltr'><strong>Brit.</strong></span> 
     </span>
     <span class='ocr_line' id='line_1_8' title="bbox 309 1133 1478 1220; baseline -0.001 -20"><span class='ocrx_word' id='word_1_44' title='bbox 309 1135 428 1200; x_wconf 64' lang='lat' dir='ltr'><strong>helec</strong></span> <span class='ocrx_word' id='word_1_45' title='bbox 450 1135 628 1199; x_wconf 75' lang='lat' dir='ltr'><strong>subenensis</strong></span> <span class='ocrx_word' id='word_1_46' title='bbox 650 1133 833 1200; x_wconf 78' lang='lat' dir='ltr'><strong>sennense.</strong></span> <span class='ocrx_word' id='word_1_47' title='bbox 858 1133 962 1217; x_wconf 86' lang='lat' dir='ltr'><strong>Suppl.</strong></span> <span class='ocrx_word' id='word_1_48' title='bbox 986 1134 1012 1211; x_wconf 87' lang='lat'><strong>1,</strong></span> <span class='ocrx_word' id='word_1_49' title='bbox 1035 1135 1070 1200; x_wconf 90' lang='grc' dir='ltr'><strong>Ρ.</strong></span> <span class='ocrx_word' id='word_1_50' title='bbox 1094 1135 1137 1215; x_wconf 90' lang='lat' dir='ltr'><strong>II,</strong></span> <span class='ocrx_word' id='word_1_51' title='bbox 1160 1155 1189 1219; x_wconf 92' lang='lat' dir='ltr'><strong>p.</strong></span> <span class='ocrx_word' id='word_1_52' title='bbox 1216 1135 1287 1209; x_wconf 81' lang='grc'><strong>176.</strong></span> <span class='ocrx_word' id='word_1_53' title='bbox 1309 1138 1334 1202; x_wconf 79' lang='lat' dir='ltr'><strong>i.</strong></span> <span class='ocrx_word' id='word_1_54' title='bbox 1358 1134 1400 1200; x_wconf 85' lang='grc'><strong>85</strong></span> <span class='ocrx_word' id='word_1_55' title='bbox 1424 1137 1478 1220; x_wconf 77' lang='lat' dir='ltr'><strong>(l).</strong></span> 
     </span>
     <span class='ocr_line' id='line_1_9' title="bbox 309 1235 1006 1322; baseline -0.003 -18"><span class='ocrx_word' id='word_1_56' title='bbox 309 1237 453 1304; x_wconf 85' lang='lat' dir='ltr'><strong>Neclcere</strong></span> <span class='ocrx_word' id='word_1_57' title='bbox 469 1238 640 1322; x_wconf 80' lang='lat' dir='ltr'><em>pulvinata</em></span> <span class='ocrx_word' id='word_1_58' title='bbox 663 1235 696 1302; x_wconf 86' lang='lat' dir='ltr'><strong>C.</strong></span> <span class='ocrx_word' id='word_1_59' title='bbox 720 1235 854 1301; x_wconf 83' lang='lat' dir='ltr'><strong>Menneu</strong></span> <span class='ocrx_word' id='word_1_60' title='bbox 877 1237 1006 1320; x_wconf 78' lang='lat' dir='ltr'><strong>Synops.</strong></span> 
     </span>
    </p>
   </div>
   <div class='ocr_carea' id='block_1_4' title="bbox 306 1356 1674 2478">
    <p class='ocr_par' dir='ltr' id='par_1_4' title="bbox 306 1356 1674 2376">
     <span class='ocr_line' id='line_1_10' title="bbox 396 1356 1588 1442; baseline 0.001 -19"><span class='ocrx_word' id='word_1_61' title='bbox 396 1359 504 1423; x_wconf 79' lang='lat' dir='ltr'><strong>Helii.</strong></span> <span class='ocrx_word' id='word_1_62' title='bbox 529 1358 605 1423; x_wconf 89' lang='lat' dir='ltr'><strong>locis</strong></span> <span class='ocrx_word' id='word_1_63' title='bbox 627 1357 818 1423; x_wconf 89' lang='lat' dir='ltr'><strong>subhumidis</strong></span> <span class='ocrx_word' id='word_1_64' title='bbox 841 1359 880 1423; x_wconf 88' lang='lat' dir='ltr'><strong>ad</strong></span> <span class='ocrx_word' id='word_1_65' title='bbox 902 1361 1027 1424; x_wconf 80' lang='lat' dir='ltr'><strong>trunces</strong></span> <span class='ocrx_word' id='word_1_66' title='bbox 1050 1356 1171 1423; x_wconf 90' lang='lat' dir='ltr'><strong>infimos</strong></span> <span class='ocrx_word' id='word_1_67' title='bbox 1195 1359 1226 1424; x_wconf 76' lang='lat' dir='ltr'><strong>et</strong></span> <span class='ocrx_word' id='word_1_68' title='bbox 1241 1359 1279 1424; x_wconf 90' lang='lat' dir='ltr'><strong>ad</strong></span> <span class='ocrx_word' id='word_1_69' title='bbox 1295 1358 1411 1424; x_wconf 78' lang='lat' dir='ltr'><strong>radices</strong></span> <span class='ocrx_word' id='word_1_70' title='bbox 1428 1361 1588 1442; x_wconf 88' lang='lat' dir='ltr'><strong>praecipue</strong></span> 
     </span>
     <span class='ocr_line' id='line_1_11' title="bbox 309 1459 1588 1546; baseline -0.001 -19"><span class='ocrx_word' id='word_1_71' title='bbox 309 1461 498 1546; x_wconf 88' lang='lat' dir='ltr'><strong>Populerum</strong></span> <span class='ocrx_word' id='word_1_72' title='bbox 522 1461 714 1544; x_wconf 86' lang='lat' dir='ltr'><strong>Lappeuiae,</strong></span> <span class='ocrx_word' id='word_1_73' title='bbox 748 1461 799 1525; x_wconf 92' lang='lat' dir='ltr'><strong>ubi</strong></span> <span class='ocrx_word' id='word_1_74' title='bbox 823 1459 1046 1528; x_wconf 80' lang='lat' dir='ltr'><strong>Wunnuunnne</strong></span> <span class='ocrx_word' id='word_1_75' title='bbox 1077 1461 1208 1541; x_wconf 79' lang='lat' dir='ltr'><strong>delenit,</strong></span> <span class='ocrx_word' id='word_1_76' title='bbox 1237 1465 1268 1527; x_wconf 91' lang='lat' dir='ltr'><strong>iu</strong></span> <span class='ocrx_word' id='word_1_77' title='bbox 1291 1463 1450 1544; x_wconf 86' lang='lat' dir='ltr'><strong>Lappouis</strong></span> <span class='ocrx_word' id='word_1_78' title='bbox 1479 1462 1588 1528; x_wconf 87' lang='lat' dir='ltr'><strong>lulensi</strong></span> 
     </span>
     <span class='ocr_line' id='line_1_12' title="bbox 308 1563 1586 1649; baseline -0.002 -18"><span class='ocrx_word' id='word_1_79' title='bbox 308 1586 401 1649; x_wconf 81' lang='lat' dir='ltr'>prope</span> <span class='ocrx_word' id='word_1_80' title='bbox 416 1566 633 1649; x_wconf 75' lang='lat' dir='ltr'><strong>Adelseelre&#39;m</strong></span> <span class='ocrx_word' id='word_1_81' title='bbox 656 1565 852 1648; x_wconf 70' lang='lat' dir='ltr'><strong>(nuncnune),</strong></span> <span class='ocrx_word' id='word_1_82' title='bbox 875 1565 907 1629; x_wconf 91' lang='lat' dir='ltr'><strong>iu</strong></span> <span class='ocrx_word' id='word_1_83' title='bbox 924 1563 1033 1630; x_wconf 83' lang='lat' dir='ltr'><strong>Suesia</strong></span> <span class='ocrx_word' id='word_1_84' title='bbox 1055 1565 1245 1631; x_wconf 78' lang='lat' dir='ltr'><strong>meridionali</strong></span> <span class='ocrx_word' id='word_1_85' title='bbox 1261 1584 1353 1648; x_wconf 91' lang='lat' dir='ltr'><strong>prope</strong></span> <span class='ocrx_word' id='word_1_86' title='bbox 1370 1563 1479 1630; x_wconf 92' lang='lat' dir='ltr'><strong>urbem</strong></span> <span class='ocrx_word' id='word_1_87' title='bbox 1496 1566 1586 1630; x_wconf 86' lang='lat' dir='ltr'><strong>Cori-</strong></span> 
     </span>
     <span class='ocr_line' id='line_1_13' title="bbox 308 1667 1587 1754; baseline -0.002 -19"><span class='ocrx_word' id='word_1_88' title='bbox 308 1671 619 1754; x_wconf 81' lang='lat' dir='ltr'><strong>stedl(L1uneuno),</strong></span> <span class='ocrx_word' id='word_1_89' title='bbox 650 1669 681 1732; x_wconf 89' lang='lat' dir='ltr'><strong>iu</strong></span> <span class='ocrx_word' id='word_1_90' title='bbox 705 1667 859 1752; x_wconf 85' lang='lat' dir='ltr'><strong>Norvegie</strong></span> <span class='ocrx_word' id='word_1_91' title='bbox 888 1687 981 1750; x_wconf 92' lang='lat' dir='ltr'><strong>prope</strong></span> <span class='ocrx_word' id='word_1_92' title='bbox 1003 1667 1222 1733; x_wconf 80' lang='lat' dir='ltr'><strong>Christianiam</strong></span> <span class='ocrx_word' id='word_1_93' title='bbox 1250 1672 1284 1734; x_wconf 82' lang='lat' dir='ltr'><strong>et</strong></span> <span class='ocrx_word' id='word_1_94' title='bbox 1305 1670 1337 1733; x_wconf 93' lang='lat' dir='ltr'><strong>iu</strong></span> <span class='ocrx_word' id='word_1_95' title='bbox 1361 1667 1443 1750; x_wconf 80' lang='lat' dir='ltr'><strong>Alpe</strong></span> <span class='ocrx_word' id='word_1_96' title='bbox 1465 1668 1587 1733; x_wconf 77' lang='lat' dir='ltr'><strong>Decre-</strong></span> 
     </span>
     <span class='ocr_line' id='line_1_14' title="bbox 306 1769 1587 1859; baseline -0.002 -20"><span class='ocrx_word' id='word_1_97' title='bbox 306 1773 388 1859; x_wconf 74' lang='lat' dir='ltr'><strong>sjeld</strong></span> <span class='ocrx_word' id='word_1_98' title='bbox 410 1793 503 1856; x_wconf 87' lang='lat' dir='ltr'><strong>prope</strong></span> <span class='ocrx_word' id='word_1_99' title='bbox 520 1773 702 1857; x_wconf 76' lang='lat' dir='ltr'><strong>Keuqsoeld</strong></span> <span class='ocrx_word' id='word_1_100' title='bbox 725 1773 866 1856; x_wconf 78' lang='lat' dir='ltr'><strong>(Burro),</strong></span> <span class='ocrx_word' id='word_1_101' title='bbox 890 1773 920 1836; x_wconf 93' lang='lat' dir='ltr'><strong>in</strong></span> <span class='ocrx_word' id='word_1_102' title='bbox 943 1771 1106 1837; x_wconf 79' lang='lat' dir='ltr'><strong>Britannia</strong></span> <span class='ocrx_word' id='word_1_103' title='bbox 1127 1773 1166 1837; x_wconf 93' lang='lat' dir='ltr'><strong>ad</strong></span> <span class='ocrx_word' id='word_1_104' title='bbox 1189 1769 1321 1837; x_wconf 87' lang='lat' dir='ltr'><strong>Salicum</strong></span> <span class='ocrx_word' id='word_1_105' title='bbox 1345 1774 1378 1836; x_wconf 80' lang='lat' dir='ltr'><strong>ei</strong></span> <span class='ocrx_word' id='word_1_106' title='bbox 1402 1773 1587 1855; x_wconf 88' lang='lat' dir='ltr'><strong>Populorum</strong></span> 
     </span>
     <span class='ocr_line' id='line_1_15' title="bbox 309 1874 1589 1959; baseline -0.004 -16"><span class='ocrx_word' id='word_1_107' title='bbox 309 1881 432 1943; x_wconf 76' lang='lat' dir='ltr'><strong>murices</strong></span> <span class='ocrx_word' id='word_1_108' title='bbox 456 1876 575 1940; x_wconf 86' lang='lat' dir='ltr'><strong>iniimus</strong></span> <span class='ocrx_word' id='word_1_109' title='bbox 597 1875 636 1940; x_wconf 92' lang='lat' dir='ltr'><strong>ad</strong></span> <span class='ocrx_word' id='word_1_110' title='bbox 659 1875 689 1939; x_wconf 87' lang='lat' dir='ltr'><strong>fl.</strong></span> <span class='ocrx_word' id='word_1_111' title='bbox 709 1877 790 1939; x_wconf 80' lang='lat' dir='ltr'><strong>Osee</strong></span> <span class='ocrx_word' id='word_1_112' title='bbox 812 1893 904 1958; x_wconf 91' lang='lat' dir='ltr'><strong>prope</strong></span> <span class='ocrx_word' id='word_1_113' title='bbox 926 1875 1097 1940; x_wconf 79' lang='lat' dir='ltr'><strong>Eboracum</strong></span> <span class='ocrx_word' id='word_1_114' title='bbox 1119 1875 1170 1959; x_wconf 84' lang='lat' dir='ltr'><strong>(R.</strong></span> <span class='ocrx_word' id='word_1_115' title='bbox 1191 1874 1337 1958; x_wconf 75' lang='lat' dir='ltr'><strong>Seneca),</strong></span> <span class='ocrx_word' id='word_1_116' title='bbox 1360 1875 1392 1938; x_wconf 92' lang='lat' dir='ltr'><strong>in</strong></span> <span class='ocrx_word' id='word_1_117' title='bbox 1407 1875 1589 1940; x_wconf 77' lang='lat' dir='ltr'><strong>lancastrie</strong></span> 
     </span>
     <span class='ocr_line' id='line_1_16' title="bbox 308 1977 1588 2064; baseline -0.002 -19"><span class='ocrx_word' id='word_1_118' title='bbox 308 1999 401 2064; x_wconf 89' lang='lat' dir='ltr'><strong>prope</strong></span> <span class='ocrx_word' id='word_1_119' title='bbox 426 1979 576 2044; x_wconf 78' lang='lat' dir='ltr'><strong>Clarium</strong></span> <span class='ocrx_word' id='word_1_120' title='bbox 599 1979 683 2062; x_wconf 86' lang='lat' dir='ltr'><strong>(clrr.</strong></span> <span class='ocrx_word' id='word_1_121' title='bbox 707 1977 807 2044; x_wconf 90' lang='lat' dir='ltr'><strong>Weeu</strong></span> <span class='ocrx_word' id='word_1_122' title='bbox 823 1982 853 2043; x_wconf 87' lang='lat' dir='ltr'><strong>et</strong></span> <span class='ocrx_word' id='word_1_123' title='bbox 870 1979 1023 2064; x_wconf 76' lang='lat' dir='ltr'><strong>Beneuen),</strong></span> <span class='ocrx_word' id='word_1_124' title='bbox 1046 1979 1085 2043; x_wconf 91' lang='lat' dir='ltr'><strong>ad</strong></span> <span class='ocrx_word' id='word_1_125' title='bbox 1110 1978 1299 2064; x_wconf 74' lang='lat' dir='ltr'><strong>llilluinptee</strong></span> <span class='ocrx_word' id='word_1_126' title='bbox 1315 1999 1362 2062; x_wconf 90' lang='lat' dir='ltr'><strong>pr.</strong></span> <span class='ocrx_word' id='word_1_127' title='bbox 1380 1979 1588 2058; x_wconf 73' lang='lat' dir='ltr'><strong>Muecdeeter,</strong></span> 
     </span>
     <span class='ocr_line' id='line_1_17' title="bbox 309 2082 1588 2170; baseline -0.002 -21"><span class='ocrx_word' id='word_1_128' title='bbox 309 2083 425 2149; x_wconf 80' lang='lat' dir='ltr'><strong>sterilis</strong></span> <span class='ocrx_word' id='word_1_129' title='bbox 449 2083 618 2165; x_wconf 81' lang='lat' dir='ltr'><strong>(Wmseu),</strong></span> <span class='ocrx_word' id='word_1_130' title='bbox 641 2101 727 2149; x_wconf 89' lang='lat' dir='ltr'><strong>secus</strong></span> <span class='ocrx_word' id='word_1_131' title='bbox 750 2082 884 2148; x_wconf 86' lang='lat' dir='ltr'><strong>rivulum</strong></span> <span class='ocrx_word' id='word_1_132' title='bbox 906 2083 945 2148; x_wconf 92' lang='lat' dir='ltr'><strong>ad</strong></span> <span class='ocrx_word' id='word_1_133' title='bbox 968 2083 1081 2170; x_wconf 79' lang='lat' dir='ltr'><strong>Deilly</strong></span> <span class='ocrx_word' id='word_1_134' title='bbox 1105 2083 1209 2148; x_wconf 82' lang='lat' dir='ltr'><strong>censii.</strong></span> <span class='ocrx_word' id='word_1_135' title='bbox 1234 2083 1392 2168; x_wconf 80' lang='lat' dir='ltr'><strong>Ayrslus‘re</strong></span> <span class='ocrx_word' id='word_1_136' title='bbox 1415 2085 1527 2166; x_wconf 83' lang='lat' dir='ltr'><strong>(ipse),</strong></span> <span class='ocrx_word' id='word_1_137' title='bbox 1558 2083 1588 2146; x_wconf 91' lang='lat' dir='ltr'><strong>iu</strong></span> 
     </span>
     <span class='ocr_line' id='line_1_18' title="bbox 308 2185 1588 2272; baseline -0.002 -20"><span class='ocrx_word' id='word_1_138' title='bbox 308 2187 423 2254; x_wconf 76' lang='lat' dir='ltr'><strong>lienuia</strong></span> <span class='ocrx_word' id='word_1_139' title='bbox 459 2187 497 2252; x_wconf 87' lang='lat' dir='ltr'><strong>ad</strong></span> <span class='ocrx_word' id='word_1_140' title='bbox 521 2186 669 2251; x_wconf 79' lang='lat' dir='ltr'><strong>Peneum</strong></span> <span class='ocrx_word' id='word_1_141' title='bbox 692 2185 819 2252; x_wconf 87' lang='lat' dir='ltr'><strong>Pedem</strong></span> <span class='ocrx_word' id='word_1_142' title='bbox 842 2185 1056 2270; x_wconf 79' lang='lat' dir='ltr'><strong>(Numuuun);</strong></span> <span class='ocrx_word' id='word_1_143' title='bbox 1091 2187 1123 2251; x_wconf 92' lang='lat' dir='ltr'><strong>iu</strong></span> <span class='ocrx_word' id='word_1_144' title='bbox 1145 2185 1269 2272; x_wconf 77' lang='lat' dir='ltr'><strong>Tyrelis</strong></span> <span class='ocrx_word' id='word_1_145' title='bbox 1301 2186 1457 2253; x_wconf 80' lang='lat' dir='ltr'><strong>montibus</strong></span> <span class='ocrx_word' id='word_1_146' title='bbox 1491 2185 1588 2270; x_wconf 80' lang='lat' dir='ltr'><strong>(Lun-</strong></span> 
     </span>
     <span class='ocr_line' id='line_1_19' title="bbox 309 2289 1674 2376; baseline -0.002 -21"><span class='ocrx_word' id='word_1_147' title='bbox 309 2291 432 2376; x_wconf 73' lang='lat' dir='ltr'><strong>uuumll</strong></span> <span class='ocrx_word' id='word_1_148' title='bbox 455 2308 509 2372; x_wconf 92' lang='lat' dir='ltr'><strong>pro</strong></span> <span class='ocrx_word' id='word_1_149' title='bbox 532 2289 716 2356; x_wconf 80' lang='lat' dir='ltr'><strong>Scnwsnen.</strong></span> <span class='ocrx_word' id='word_1_150' title='bbox 740 2308 845 2374; x_wconf 79' lang='lat' dir='ltr'><strong>synon.</strong></span> <span class='ocrx_word' id='word_1_151' title='bbox 1673 2337 1674 2376; x_wconf 73' lang='lat'><strong>,</strong></span> 
     </span>
    </p>

    <p class='ocr_par' dir='ltr' id='par_1_5' title="bbox 343 2393 894 2478">
     <span class='ocr_line' id='line_1_20' title="bbox 343 2393 894 2478; baseline -0.004 -18"><span class='ocrx_word' id='word_1_152' title='bbox 343 2401 345 2406; x_wconf 79' lang='grc'>’</span> <span class='ocrx_word' id='word_1_153' title='bbox 400 2395 508 2461; x_wconf 83' lang='lat' dir='ltr'><strong>Freci.</strong></span> <span class='ocrx_word' id='word_1_154' title='bbox 533 2403 649 2460; x_wconf 82' lang='lat' dir='ltr'><strong>maier.</strong></span> <span class='ocrx_word' id='word_1_155' title='bbox 673 2393 768 2478; x_wconf 89' lang='lat' dir='ltr'><strong>Maje,</strong></span> <span class='ocrx_word' id='word_1_156' title='bbox 791 2393 894 2460; x_wconf 88' lang='lat' dir='ltr'><strong>Junio.</strong></span> 
     </span>
    </p>
   </div>
   <div class='ocr_carea' id='block_1_5' title="bbox 310 2503 1674 2668">
    <p class='ocr_par' dir='ltr' id='par_1_6' title="bbox 310 2503 1674 2668">
     <span class='ocr_line' id='line_1_21' title="bbox 398 2503 1674 2582; baseline -0.002 -18"><span class='ocrx_word' id='word_1_157' title='bbox 398 2505 558 2582; x_wconf 77' lang='lat' dir='ltr'><strong>Caespituli</strong></span> <span class='ocrx_word' id='word_1_158' title='bbox 586 2505 672 2581; x_wconf 85' lang='lat' dir='ltr'><strong>vulgo</strong></span> <span class='ocrx_word' id='word_1_159' title='bbox 696 2505 810 2564; x_wconf 87' lang='lat' dir='ltr'><strong>sordide</strong></span> <span class='ocrx_word' id='word_1_160' title='bbox 834 2505 881 2563; x_wconf 87' lang='lat' dir='ltr'><strong>vel</strong></span> <span class='ocrx_word' id='word_1_161' title='bbox 904 2503 1093 2564; x_wconf 82' lang='lat' dir='ltr'><strong>aire-virides</strong></span> <span class='ocrx_word' id='word_1_162' title='bbox 1117 2505 1315 2579; x_wconf 61' lang='lat' dir='ltr'><strong>reperiendum</strong></span> <span class='ocrx_word' id='word_1_163' title='bbox 1338 2505 1502 2580; x_wconf 86' lang='lat' dir='ltr'><strong>specimina</strong></span> <span class='ocrx_word' id='word_1_164' title='bbox 1524 2521 1590 2578; x_wconf 77' lang='lat' dir='ltr'><strong>gra·</strong></span> <span class='ocrx_word' id='word_1_165' title='bbox 1673 2533 1674 2538; x_wconf 41' lang='lat'>1</span> 
     </span>
     <span class='ocr_line' id='line_1_22' title="bbox 310 2591 1289 2668; baseline -0.003 -17"><span class='ocrx_word' id='word_1_166' title='bbox 310 2591 410 2652; x_wconf 83' lang='lat' dir='ltr'><strong>cillere</strong></span> <span class='ocrx_word' id='word_1_167' title='bbox 434 2595 471 2651; x_wconf 88' lang='lat' dir='ltr'><strong>ab</strong></span> <span class='ocrx_word' id='word_1_168' title='bbox 495 2593 586 2651; x_wconf 87' lang='lat' dir='ltr'><strong>amieo</strong></span> <span class='ocrx_word' id='word_1_169' title='bbox 611 2594 709 2651; x_wconf 83' lang='lat' dir='ltr'><strong>Burrr</strong></span> <span class='ocrx_word' id='word_1_170' title='bbox 732 2593 759 2650; x_wconf 88' lang='lat' dir='ltr'><strong>iu</strong></span> <span class='ocrx_word' id='word_1_171' title='bbox 784 2609 819 2650; x_wconf 91' lang='lat' dir='ltr'><strong>m.</strong></span> <span class='ocrx_word' id='word_1_172' title='bbox 845 2591 1013 2668; x_wconf 78' lang='lat' dir='ltr'><strong>Decrefjeld</strong></span> <span class='ocrx_word' id='word_1_173' title='bbox 1034 2591 1112 2650; x_wconf 82' lang='lat' dir='ltr'><strong>lecta</strong></span> <span class='ocrx_word' id='word_1_174' title='bbox 1134 2592 1289 2650; x_wconf 74' lang='lat' dir='ltr'><strong>lucescunt.</strong></span> 
     </span>
    </p>
   </div>
   <div class='ocr_carea' id='block_1_6' title="bbox 313 2694 1591 2944">
    <p class='ocr_par' dir='ltr' id='par_1_7' title="bbox 313 2694 1591 2944">
     <span class='ocr_line' id='line_1_23' title="bbox 399 2694 1591 2770; baseline -0.001 -18"><span class='ocrx_word' id='word_1_175' title='bbox 399 2695 510 2754; x_wconf 82' lang='lat' dir='ltr'><strong>Habitu</strong></span> <span class='ocrx_word' id='word_1_176' title='bbox 535 2695 564 2754; x_wconf 86' lang='lat' dir='ltr'><strong>ei</strong></span> <span class='ocrx_word' id='word_1_177' title='bbox 587 2697 680 2756; x_wconf 88' lang='lat' dir='ltr'><strong>celere</strong></span> <span class='ocrx_word' id='word_1_178' title='bbox 704 2695 829 2753; x_wconf 75' lang='lat' dir='ltr'><strong>Lankena</strong></span> <span class='ocrx_word' id='word_1_179' title='bbox 845 2696 1036 2770; x_wconf 77' lang='lat' dir='ltr'><strong>polycarpus,</strong></span> <span class='ocrx_word' id='word_1_180' title='bbox 1059 2695 1089 2752; x_wconf 88' lang='lat' dir='ltr'><strong>in</strong></span> <span class='ocrx_word' id='word_1_181' title='bbox 1112 2695 1195 2768; x_wconf 89' lang='lat' dir='ltr'><strong>cujus</strong></span> <span class='ocrx_word' id='word_1_182' title='bbox 1218 2694 1360 2754; x_wconf 81' lang='lat' dir='ltr'><strong>socieiaie</strong></span> <span class='ocrx_word' id='word_1_183' title='bbox 1384 2695 1504 2768; x_wconf 90' lang='lat' dir='ltr'><strong>saepius</strong></span> <span class='ocrx_word' id='word_1_184' title='bbox 1527 2712 1591 2766; x_wconf 87' lang='lat' dir='ltr'><strong>pro·</strong></span> 
     </span>
     <span class='ocr_line' id='line_1_24' title="bbox 313 2781 1591 2856; baseline -0.001 -17"><span class='ocrx_word' id='word_1_185' title='bbox 313 2782 410 2852; x_wconf 81' lang='lat' dir='ltr'><strong>uenit,</strong></span> <span class='ocrx_word' id='word_1_186' title='bbox 425 2782 543 2851; x_wconf 86' lang='lat' dir='ltr'><strong>similis,</strong></span> <span class='ocrx_word' id='word_1_187' title='bbox 567 2783 617 2841; x_wconf 90' lang='lat' dir='ltr'><strong>sed</strong></span> <span class='ocrx_word' id='word_1_188' title='bbox 641 2782 733 2856; x_wconf 91' lang='lat' dir='ltr'><strong>primo</strong></span> <span class='ocrx_word' id='word_1_189' title='bbox 758 2783 821 2840; x_wconf 86' lang='lat' dir='ltr'><strong>nisu</strong></span> <span class='ocrx_word' id='word_1_190' title='bbox 844 2783 1014 2855; x_wconf 85' lang='lat' dir='ltr'><strong>caespiiulis</strong></span> <span class='ocrx_word' id='word_1_191' title='bbox 1036 2782 1228 2852; x_wconf 70' lang='lat' dir='ltr'><strong>domiminus,</strong></span> <span class='ocrx_word' id='word_1_192' title='bbox 1251 2781 1449 2848; x_wconf 90' lang='lat' dir='ltr'><strong>mollioribus,</strong></span> <span class='ocrx_word' id='word_1_193' title='bbox 1472 2781 1591 2854; x_wconf 77' lang='lat' dir='ltr'><strong>capouula</strong></span> 
     </span>
     <span class='ocr_line' id='line_1_25' title="bbox 313 2869 1221 2944; baseline -0.002 -16"><span class='ocrx_word' id='word_1_194' title='bbox 313 2869 431 2940; x_wconf 87' lang='lat' dir='ltr'><strong>minore,</strong></span> <span class='ocrx_word' id='word_1_195' title='bbox 454 2870 585 2928; x_wconf 86' lang='lat' dir='ltr'><strong>breuiore</strong></span> <span class='ocrx_word' id='word_1_196' title='bbox 608 2869 782 2942; x_wconf 87' lang='lat' dir='ltr'><strong>breviusque</strong></span> <span class='ocrx_word' id='word_1_197' title='bbox 806 2869 980 2943; x_wconf 85' lang='lat' dir='ltr'><strong>pedicellatn</strong></span> <span class='ocrx_word' id='word_1_198' title='bbox 1003 2869 1221 2944; x_wconf 73' lang='lat' dir='ltr'><strong>ffielingueude</strong></span> 
     </span>
    </p>
   </div>
   <div class='ocr_carea' id='block_1_7' title="bbox 769 3052 1134 3130">
    <p class='ocr_par' dir='ltr' id='par_1_8' title="bbox 769 3052 1134 3130">
     <span class='ocr_line' id='line_1_26' title="bbox 769 3052 1134 3130; baseline 0 0"><span class='ocrx_word' id='word_1_199' title='bbox 769 3052 847 3130; x_wconf 80' lang='lat' dir='ltr'><strong>den.</strong></span> <span class='ocrx_word' id='word_1_200' title='bbox 875 3056 906 3130; x_wconf 82' lang='lat'><strong>2.</strong></span> <span class='ocrx_word' id='word_1_201' title='bbox 957 3052 1134 3130; x_wconf 70' lang='lat' dir='ltr'><strong>eumenis.</strong></span> 
     </span>
    </p>
   </div>
   <div class='ocr_carea' id='block_1_8' title="bbox 790 3181 1674 3264">
    <p class='ocr_par' dir='ltr' id='par_1_9' title="bbox 790 3171 1674 3264">
     <span class='ocr_line' id='line_1_27' title="bbox 790 3181 1674 3264; baseline -0.006 -24"><span class='ocrx_word' id='word_1_202' title='bbox 790 3181 858 3240; x_wconf 79' lang='lat' dir='ltr'><strong>Sca</strong></span> <span class='ocrx_word' id='word_1_203' title='bbox 880 3181 910 3240; x_wconf 90' lang='lat' dir='ltr'><strong>iu</strong></span> <span class='ocrx_word' id='word_1_204' title='bbox 933 3181 1030 3256; x_wconf 77' lang='lat' dir='ltr'><strong>Brpel.</strong></span> <span class='ocrx_word' id='word_1_205' title='bbox 1057 3197 1117 3238; x_wconf 89' lang='lat' dir='ltr'><strong>eur.</strong></span> <span class='ocrx_word' id='word_1_206' title='bbox 1673 3213 1674 3264; x_wconf 72' lang='lat' dir='ltr'><strong>p</strong></span> 
     </span>
    </p>
   </div>
   <div class='ocr_carea' id='block_1_9' title="bbox 310 3309 1674 4730">
    <p class='ocr_par' dir='ltr' id='par_1_10' title="bbox 310 3309 1674 4730">
     <span class='ocr_line' id='line_1_28' title="bbox 401 3309 1674 3394; baseline -0.002 -17"><span class='ocrx_word' id='word_1_207' title='bbox 401 3311 531 3380; x_wconf 85' lang='lat' dir='ltr'><strong>Planlae</strong></span> <span class='ocrx_word' id='word_1_208' title='bbox 553 3313 696 3392; x_wconf 79' lang='lat' dir='ltr'><strong>lamellae,</strong></span> <span class='ocrx_word' id='word_1_209' title='bbox 718 3313 881 3392; x_wconf 90' lang='lat' dir='ltr'><strong>demissae,</strong></span> <span class='ocrx_word' id='word_1_210' title='bbox 905 3313 1287 3394; x_wconf 67' lang='lat' dir='ltr'><strong>intricate-caespiiantea,</strong></span> <span class='ocrx_word' id='word_1_211' title='bbox 1310 3329 1389 3394; x_wconf 85' lang='lat' dir='ltr'><strong>uage</strong></span> <span class='ocrx_word' id='word_1_212' title='bbox 1411 3313 1443 3375; x_wconf 79' lang='lat' dir='ltr'><strong>el</strong></span> <span class='ocrx_word' id='word_1_213' title='bbox 1466 3311 1594 3394; x_wconf 87' lang='lat' dir='ltr'><strong>subpin-</strong></span> <span class='ocrx_word' id='word_1_214' title='bbox 1673 3309 1674 3374; x_wconf 87' lang='lat' dir='ltr'><strong>l</strong></span> 
     </span>
     <span class='ocr_line' id='line_1_29' title="bbox 314 3413 1595 3497; baseline -0.004 -17"><span class='ocrx_word' id='word_1_215' title='bbox 314 3415 411 3481; x_wconf 79' lang='lat' dir='ltr'><strong>suatim</strong></span> <span class='ocrx_word' id='word_1_216' title='bbox 434 3434 573 3482; x_wconf 85' lang='lat' dir='ltr'><strong>ramosae</strong></span> <span class='ocrx_word' id='word_1_217' title='bbox 595 3419 628 3482; x_wconf 84' lang='lat' dir='ltr'><strong>ei</strong></span> <span class='ocrx_word' id='word_1_218' title='bbox 650 3415 831 3494; x_wconf 90' lang='lat' dir='ltr'><strong>ramulosae,</strong></span> <span class='ocrx_word' id='word_1_219' title='bbox 854 3416 975 3494; x_wconf 89' lang='lat' dir='ltr'><strong>molles,</strong></span> <span class='ocrx_word' id='word_1_220' title='bbox 998 3413 1143 3481; x_wconf 90' lang='lat' dir='ltr'><strong>radiculis</strong></span> <span class='ocrx_word' id='word_1_221' title='bbox 1167 3413 1270 3497; x_wconf 89' lang='lat' dir='ltr'><strong>paucis</strong></span> <span class='ocrx_word' id='word_1_222' title='bbox 1293 3415 1475 3478; x_wconf 79' lang='lat' dir='ltr'><strong>instructae.</strong></span> <span class='ocrx_word' id='word_1_223' title='bbox 1508 3413 1595 3477; x_wconf 81' lang='lat' dir='ltr'><strong>Folia</strong></span> 
     </span>
     <span class='ocr_line' id='line_1_30' title="bbox 313 3517 1674 3602; baseline 0.002 -20"><span class='ocrx_word' id='word_1_224' title='bbox 313 3520 344 3585; x_wconf 90' lang='lat' dir='ltr'><strong>iu</strong></span> <span class='ocrx_word' id='word_1_225' title='bbox 377 3520 482 3584; x_wconf 89' lang='lat' dir='ltr'><strong>eadem</strong></span> <span class='ocrx_word' id='word_1_226' title='bbox 512 3519 619 3602; x_wconf 82' lang='lat' dir='ltr'><strong>plania</strong></span> <span class='ocrx_word' id='word_1_227' title='bbox 647 3519 872 3585; x_wconf 85' lang='lat' dir='ltr'><strong>diversiiermia</strong></span> <span class='ocrx_word' id='word_1_228' title='bbox 903 3519 1185 3585; x_wconf 82' lang='lat' dir='ltr'><strong>acuminato-orale</strong></span> <span class='ocrx_word' id='word_1_229' title='bbox 1207 3520 1239 3582; x_wconf 82' lang='lat' dir='ltr'><strong>et</strong></span> <span class='ocrx_word' id='word_1_230' title='bbox 1261 3517 1362 3582; x_wconf 76' lang='lat' dir='ltr'><strong>coalia</strong></span> <span class='ocrx_word' id='word_1_231' title='bbox 1385 3517 1417 3580; x_wconf 88' lang='lat' dir='ltr'><strong>in</strong></span> <span class='ocrx_word' id='word_1_232' title='bbox 1440 3519 1595 3600; x_wconf 88' lang='lat' dir='ltr'><strong>apiculum</strong></span> <span class='ocrx_word' id='word_1_233' title='bbox 1673 3581 1674 3586; x_wconf 75' lang='grc'>,</span> 
     </span>
     <span class='ocr_line' id='line_1_31' title="bbox 315 3620 1597 3707; baseline -0.003 -20"><span class='ocrx_word' id='word_1_234' title='bbox 315 3623 440 3705; x_wconf 81' lang='lat' dir='ltr'><strong>lengum</strong></span> <span class='ocrx_word' id='word_1_235' title='bbox 464 3623 630 3688; x_wconf 83' lang='lat' dir='ltr'><strong>flexuosum</strong></span> <span class='ocrx_word' id='word_1_236' title='bbox 653 3623 810 3696; x_wconf 79' lang='lat' dir='ltr'><strong>exeuntia,</strong></span> <span class='ocrx_word' id='word_1_237' title='bbox 839 3625 977 3707; x_wconf 84' lang='lat' dir='ltr'><strong>integra,</strong></span> <span class='ocrx_word' id='word_1_238' title='bbox 1001 3623 1154 3698; x_wconf 82' lang='lat' dir='ltr'><strong>ecesista,</strong></span> <span class='ocrx_word' id='word_1_239' title='bbox 1177 3620 1378 3697; x_wconf 86' lang='lat' dir='ltr'><strong>mollissime,</strong></span> <span class='ocrx_word' id='word_1_240' title='bbox 1401 3623 1597 3685; x_wconf 78' lang='lat' dir='ltr'><strong>mediocriter</strong></span> 
     </span>
     <span class='ocr_line' id='line_1_32' title="bbox 315 3725 1596 3809; baseline -0.001 -18"><span class='ocrx_word' id='word_1_241' title='bbox 315 3726 571 3808; x_wconf 83' lang='lat' dir='ltr'><strong>chlorophyllosa,</strong></span> <span class='ocrx_word' id='word_1_242' title='bbox 588 3727 647 3792; x_wconf 83' lang='lat' dir='ltr'><strong>reti</strong></span> <span class='ocrx_word' id='word_1_243' title='bbox 660 3726 783 3805; x_wconf 86' lang='lat' dir='ltr'><strong>laxiore,</strong></span> <span class='ocrx_word' id='word_1_244' title='bbox 801 3745 928 3809; x_wconf 90' lang='lat' dir='ltr'><strong>superne</strong></span> <span class='ocrx_word' id='word_1_245' title='bbox 943 3726 1097 3804; x_wconf 89' lang='lat' dir='ltr'><strong>rhembeo,</strong></span> <span class='ocrx_word' id='word_1_246' title='bbox 1113 3725 1229 3790; x_wconf 83' lang='lat' dir='ltr'><strong>inferne</strong></span> <span class='ocrx_word' id='word_1_247' title='bbox 1243 3727 1373 3808; x_wconf 76' lang='lat' dir='ltr'><strong>anguste</strong></span> <span class='ocrx_word' id='word_1_248' title='bbox 1389 3725 1596 3790; x_wconf 71' lang='lat' dir='ltr'><strong>rhomboides</strong></span> 
     </span>
     <span class='ocr_line' id='line_1_33' title="bbox 314 3823 1597 3912; baseline -0.003 -18"><span class='ocrx_word' id='word_1_249' title='bbox 314 3829 352 3894; x_wconf 89' lang='lat' dir='ltr'><strong>ad</strong></span> <span class='ocrx_word' id='word_1_250' title='bbox 375 3823 458 3894; x_wconf 84' lang='lat' dir='ltr'><strong>basis</strong></span> <span class='ocrx_word' id='word_1_251' title='bbox 481 3830 610 3912; x_wconf 85' lang='lat' dir='ltr'><strong>angulos</strong></span> <span class='ocrx_word' id='word_1_252' title='bbox 634 3831 792 3912; x_wconf 83' lang='lat' dir='ltr'><strong>quadrato.</strong></span> <span class='ocrx_word' id='word_1_253' title='bbox 840 3831 945 3895; x_wconf 78' lang='lat' dir='ltr'><strong>Floras</strong></span> <span class='ocrx_word' id='word_1_254' title='bbox 967 3829 1209 3895; x_wconf 85' lang='lat' dir='ltr'><strong>numerosissimi</strong></span> <span class='ocrx_word' id='word_1_255' title='bbox 1231 3827 1379 3902; x_wconf 83' lang='lat' dir='ltr'><strong>menelei,</strong></span> <span class='ocrx_word' id='word_1_256' title='bbox 1410 3829 1542 3892; x_wconf 84' lang='lat' dir='ltr'><strong>masculi</strong></span> <span class='ocrx_word' id='word_1_257' title='bbox 1568 3830 1597 3890; x_wconf 84' lang='lat' dir='ltr'><strong>&#39;uu</strong></span> 
     </span>
     <span class='ocr_line' id='line_1_34' title="bbox 313 3929 1598 4017; baseline -0.002 -19"><span class='ocrx_word' id='word_1_258' title='bbox 313 3933 450 3998; x_wconf 89' lang='lat' dir='ltr'><strong>ramulis.</strong></span> <span class='ocrx_word' id='word_1_259' title='bbox 492 3931 644 4016; x_wconf 34' lang='lat' dir='ltr'><strong>‚Calyplra</strong></span> <span class='ocrx_word' id='word_1_260' title='bbox 667 3953 794 4017; x_wconf 85' lang='lat' dir='ltr'><strong>magua,</strong></span> <span class='ocrx_word' id='word_1_261' title='bbox 817 3933 856 4000; x_wconf 90' lang='lat' dir='ltr'><strong>nd</strong></span> <span class='ocrx_word' id='word_1_262' title='bbox 879 3935 1020 4016; x_wconf 87' lang='lat' dir='ltr'><strong>capsulae</strong></span> <span class='ocrx_word' id='word_1_263' title='bbox 1044 3933 1133 3998; x_wconf 87' lang='lat' dir='ltr'><strong>basin</strong></span> <span class='ocrx_word' id='word_1_264' title='bbox 1156 3933 1312 4015; x_wconf 82' lang='lat' dir='ltr'><strong>producta</strong></span> <span class='ocrx_word' id='word_1_265' title='bbox 1358 3929 1495 4014; x_wconf 81' lang='lat' dir='ltr'><strong>Capsula</strong></span> <span class='ocrx_word' id='word_1_266' title='bbox 1517 3933 1598 3996; x_wconf 84' lang='lat' dir='ltr'><strong>leui-</strong></span> 
     </span>
     <span class='ocr_line' id='line_1_35' title="bbox 313 4035 1598 4121; baseline -0.004 -21"><span class='ocrx_word' id='word_1_267' title='bbox 313 4039 361 4100; x_wconf 81' lang='lat' dir='ltr'><strong>ier</strong></span> <span class='ocrx_word' id='word_1_268' title='bbox 384 4054 505 4113; x_wconf 77' lang='lat' dir='ltr'><strong>cernua,</strong></span> <span class='ocrx_word' id='word_1_269' title='bbox 529 4056 563 4100; x_wconf 86' lang='lat' dir='ltr'><strong>ex</strong></span> <span class='ocrx_word' id='word_1_270' title='bbox 587 4038 828 4120; x_wconf 81' lang='lat' dir='ltr'><strong>ennio-oblongo</strong></span> <span class='ocrx_word' id='word_1_271' title='bbox 850 4038 1042 4121; x_wconf 87' lang='lat' dir='ltr'><strong>cylindrncsa</strong></span> <span class='ocrx_word' id='word_1_272' title='bbox 1065 4035 1274 4118; x_wconf 80' lang='lat' dir='ltr'><strong>lepeoderma‚</strong></span> <span class='ocrx_word' id='word_1_273' title='bbox 1297 4035 1430 4112; x_wconf 83' lang='lat' dir='ltr'><strong>luteola,</strong></span> <span class='ocrx_word' id='word_1_274' title='bbox 1453 4035 1598 4118; x_wconf 66' lang='lat' dir='ltr'><strong>operculi·</strong></span> 
     </span>
     <span class='ocr_line' id='line_1_36' title="bbox 313 4140 1598 4224; baseline 0 -18"><span class='ocrx_word' id='word_1_275' title='bbox 313 4140 436 4222; x_wconf 90' lang='lat' dir='ltr'><strong>oblique</strong></span> <span class='ocrx_word' id='word_1_276' title='bbox 459 4141 648 4219; x_wconf 82' lang='lat' dir='ltr'><strong>tenuirostri,</strong></span> <span class='ocrx_word' id='word_1_277' title='bbox 671 4143 782 4206; x_wconf 85' lang='lat' dir='ltr'><strong>anuuule</strong></span> <span class='ocrx_word' id='word_1_278' title='bbox 805 4143 899 4207; x_wconf 93' lang='lat' dir='ltr'><strong>nullo.</strong></span> <span class='ocrx_word' id='word_1_279' title='bbox 933 4141 1110 4207; x_wconf 84' lang='lat' dir='ltr'><strong>Perislomii</strong></span> <span class='ocrx_word' id='word_1_280' title='bbox 1134 4141 1294 4224; x_wconf 81' lang='lat' dir='ltr'><strong>majusculi</strong></span> <span class='ocrx_word' id='word_1_281' title='bbox 1318 4141 1429 4207; x_wconf 83' lang='lat' dir='ltr'><strong>denies</strong></span> <span class='ocrx_word' id='word_1_282' title='bbox 1449 4143 1508 4206; x_wconf 82' lang='lat' dir='ltr'><strong>sub</strong></span> <span class='ocrx_word' id='word_1_283' title='bbox 1523 4159 1598 4222; x_wconf 72' lang='lat' dir='ltr'><strong>mp-</strong></span> 
     </span>
     <span class='ocr_line' id='line_1_37' title="bbox 314 4244 1598 4324; baseline -0.004 -15"><span class='ocrx_word' id='word_1_284' title='bbox 314 4245 397 4309; x_wconf 90' lang='lat' dir='ltr'><strong>sulae</strong></span> <span class='ocrx_word' id='word_1_285' title='bbox 421 4244 570 4309; x_wconf 88' lang='lat' dir='ltr'><strong>orificium</strong></span> <span class='ocrx_word' id='word_1_286' title='bbox 593 4245 738 4323; x_wconf 77' lang='lat' dir='ltr'><strong>orientes,</strong></span> <span class='ocrx_word' id='word_1_287' title='bbox 762 4245 1071 4324; x_wconf 84' lang='lat' dir='ltr'><strong>lineali-laueeolaii,</strong></span> <span class='ocrx_word' id='word_1_288' title='bbox 1093 4245 1300 4323; x_wconf 88' lang='lat' dir='ltr'><strong>crassiusceli,</strong></span> <span class='ocrx_word' id='word_1_289' title='bbox 1324 4245 1598 4310; x_wconf 77' lang='lat' dir='ltr'><strong>articulatiouibus</strong></span> 
     </span>
     <span class='ocr_line' id='line_1_38' title="bbox 313 4347 1599 4433; baseline 0 -19"><span class='ocrx_word' id='word_1_290' title='bbox 313 4347 390 4414; x_wconf 82' lang='lat' dir='ltr'><strong>sacis</strong></span> <span class='ocrx_word' id='word_1_291' title='bbox 406 4348 638 4430; x_wconf 79' lang='lat' dir='ltr'><strong>approximatis,</strong></span> <span class='ocrx_word' id='word_1_292' title='bbox 661 4347 744 4414; x_wconf 82' lang='lat' dir='ltr'><strong>iuius</strong></span> <span class='ocrx_word' id='word_1_293' title='bbox 766 4352 798 4414; x_wconf 85' lang='lat' dir='ltr'><strong>ei</strong></span> <span class='ocrx_word' id='word_1_294' title='bbox 820 4352 909 4416; x_wconf 80' lang='lat' dir='ltr'><strong>extus</strong></span> <span class='ocrx_word' id='word_1_295' title='bbox 931 4349 1124 4433; x_wconf 89' lang='lat' dir='ltr'><strong>preminulis‚</strong></span> <span class='ocrx_word' id='word_1_296' title='bbox 1147 4349 1344 4426; x_wconf 80' lang='lat' dir='ltr'><strong>lucescentes,</strong></span> <span class='ocrx_word' id='word_1_297' title='bbox 1368 4349 1599 4431; x_wconf 78' lang='lat' dir='ltr'><strong>hyalino-mar·</strong></span> 
     </span>
     <span class='ocr_line' id='line_1_39' title="bbox 312 4451 1674 4535; baseline -0.003 -18"><span class='ocrx_word' id='word_1_298' title='bbox 312 4451 422 4535; x_wconf 59' lang='lat' dir='ltr'><strong>musii,</strong></span> <span class='ocrx_word' id='word_1_299' title='bbox 446 4452 557 4518; x_wconf 80' lang='lat' dir='ltr'><strong>interni</strong></span> <span class='ocrx_word' id='word_1_300' title='bbox 580 4454 759 4519; x_wconf 89' lang='lat' dir='ltr'><strong>membrana</strong></span> <span class='ocrx_word' id='word_1_301' title='bbox 782 4455 926 4520; x_wconf 88' lang='lat' dir='ltr'><strong>basilaris</strong></span> <span class='ocrx_word' id='word_1_302' title='bbox 949 4455 988 4520; x_wconf 86' lang='lat' dir='ltr'><strong>ad</strong></span> <span class='ocrx_word' id='word_1_303' title='bbox 1004 4454 1119 4520; x_wconf 90' lang='lat' dir='ltr'><strong>medies</strong></span> <span class='ocrx_word' id='word_1_304' title='bbox 1134 4453 1240 4520; x_wconf 79' lang='lat' dir='ltr'><strong>denies</strong></span> <span class='ocrx_word' id='word_1_305' title='bbox 1257 4456 1411 4535; x_wconf 75' lang='lat' dir='ltr'><strong>peruecta,</strong></span> <span class='ocrx_word' id='word_1_306' title='bbox 1434 4451 1550 4518; x_wconf 80' lang='lat' dir='ltr'><strong>carinis</strong></span> <span class='ocrx_word' id='word_1_307' title='bbox 1567 4451 1598 4512; x_wconf 86' lang='lat' dir='ltr'><strong>iu</strong></span> <span class='ocrx_word' id='word_1_308' title='bbox 1673 4465 1674 4472; x_wconf 53' lang='lat'>¹</span> 
     </span>
     <span class='ocr_line' id='line_1_40' title="bbox 312 4555 1598 4641; baseline -0.003 -21"><span class='ocrx_word' id='word_1_309' title='bbox 312 4571 470 4637; x_wconf 89' lang='lat' dir='ltr'><strong>processus</strong></span> <span class='ocrx_word' id='word_1_310' title='bbox 493 4557 601 4622; x_wconf 87' lang='lat' dir='ltr'><strong>denies</strong></span> <span class='ocrx_word' id='word_1_311' title='bbox 623 4560 802 4641; x_wconf 82' lang='lat' dir='ltr'><strong>superantes</strong></span> <span class='ocrx_word' id='word_1_312' title='bbox 825 4560 965 4641; x_wconf 82' lang='lat' dir='ltr'><strong>pertusos</strong></span> <span class='ocrx_word' id='word_1_313' title='bbox 988 4557 1155 4640; x_wconf 81' lang='lat' dir='ltr'><strong>productis,</strong></span> <span class='ocrx_word' id='word_1_314' title='bbox 1178 4555 1291 4624; x_wconf 82' lang='lat' dir='ltr'><strong>cilielis</strong></span> <span class='ocrx_word' id='word_1_315' title='bbox 1306 4555 1480 4640; x_wconf 78' lang='lat' dir='ltr'><strong>interjectis</strong></span> <span class='ocrx_word' id='word_1_316' title='bbox 1496 4555 1598 4620; x_wconf 74' lang='lat' dir='ltr'><strong>lueri·</strong></span> 
     </span>
     <span class='ocr_line' id='line_1_41' title="bbox 310 4659 905 4730; baseline 0.003 -4"><span class='ocrx_word' id='word_1_317' title='bbox 310 4659 378 4726; x_wconf 92' lang='lat' dir='ltr'><strong>bus.</strong></span> <span class='ocrx_word' id='word_1_318' title='bbox 423 4661 586 4728; x_wconf 84' lang='lat' dir='ltr'><strong>Habiialio</strong></span> <span class='ocrx_word' id='word_1_319' title='bbox 608 4661 640 4726; x_wconf 89' lang='lat' dir='ltr'><strong>in</strong></span> <span class='ocrx_word' id='word_1_320' title='bbox 662 4664 746 4730; x_wconf 82' lang='lat' dir='ltr'><strong>terra</strong></span> <span class='ocrx_word' id='word_1_321' title='bbox 767 4663 905 4729; x_wconf 89' lang='lat' dir='ltr'><strong>humosa.</strong></span> 
     </span>
    </p>
   </div>
   <div class='ocr_carea' id='block_1_10' title="bbox 0 0 1694 5250">
    <p class='ocr_par' dir='ltr' id='par_1_11' title="bbox 0 0 1694 5250">
     <span class='ocr_line' id='line_1_42' title="bbox 0 0 1694 5250; baseline 0 0"><span class='ocrx_word' id='word_1_322' title='bbox 0 0 1694 5250; x_wconf 95' lang='lat' dir='ltr'><strong> </strong></span> 
     </span>
    </p>
   </div>
  </div>
 </body>
</html>
