3128 5254
553 349 720 423 unum
1209 349 1271 418 785

86 529 195 596 Hace.
219 530 258 596 ad
280 547 371 611 rupes
393 529 425 594 et
447 547 521 594 saxa
542 527 676 595 irrorata
697 527 747 593 vel
768 525 914 606 humide,
946 524 1105 609 praecipue
1126 525 1166 592 ad
1188 528 1274 592 catn-

12 637 113 700 ractae:
147 634 181 698 in
212 653 253 700 m.
278 631 494 716 &omwlcwn
530 631 688 718 (Wrrson)
717 633 748 696 et
781 629 983 715 pulcherrime
1014 630 1054 696 ad
1083 631 1274 698 cataractam

13 737 214 804 causeam
231 735 370 802 Οαεοαάε
391 755 484 820 prope
500 736 670 820 Killamey
692 734 867 813 Hiberniae,
890 733 942 800 ubi
963 736 1084 817 copiose
1105 734 1274 812 observavi,

10 843 34 904 in
55 842 259 908 Borrorcdatc
287 839 541 907 eumberlandine
574 842 742 926 (Wrnsou),
770 838 802 904 in
832 838 963 922 Alpibus
1001 837 1138 920 scoticie,
1176 839 1275 907 rarius

10 945 83 1026 (blec
97 947 248 1030 Knnnnr).
1227 1007 1233 1014 .

84 1057 162 1117 ulcr.
187 1058 325 1128 Wrneorr,
360 1057 390 1116 in
413 1057 510 1133 Bryol.
532 1057 624 1128 Brit,
655 1055 726 1116 lolia
761 1056 884 1116 »almost
907 1055 1059 1129 orbicular,
1082 1075 1114 1117 or
1135 1057 1274 1118 ronndisb

10 1143 159 1218 elliptical«
187 1145 258 1204 dicit
277 1176 310 1184 --
330 1162 444 1219 semper
467 1163 501 1204 ea
524 1142 747 1218 evoli-alliptioa
763 1143 832 1215 vidi,
849 1145 884 1202 bt
909 1144 1040 1204 »areolae
1056 1145 1157 1204 rabber
1170 1144 1271 1220 large«

10 1233 65 1289 lum
88 1249 194 1292 revera
215 1235 412 1306 peraugustae
434 1234 512 1290 eunt.

81 1319 290 1395 Vegetationie
312 1320 430 1390 modus,
453 1318 621 1393 plantarum
647 1317 750 1388 facies,
779 1315 913 1377 loliorum
941 1317 1047 1390 forma,
1075 1319 1276 1390 consistentia,

10 1405 92 1477 tolon,
125 1407 225 1477 nitor,
246 1405 411 1465 reticulatio
434 1406 549 1465 omnino
572 1423 637 1464 cum
660 1404 707 1463 ille
729 1404 901 1480 subgeneris
924 1403 1070 1464 Limnobir'
1100 1409 1275 1483 comunt,

10 1495 30 1550 et
62 1493 144 1552 band
178 1493 312 1568 intelligo
342 1493 464 1552 Wileoni
495 1491 671 1552 sententiam
709 1491 753 1566 ,it
781 1491 807 1550 is
838 1493 890 1550 not
924 1491 1102 1566 improbable
1135 1494 1202 1554 that
1225 1494 1275 1553 the

10 1579 68 1638 buit
91 1598 163 1656 may
186 1581 267 1639 eheu
291 1580 315 1638 it
337 1582 368 1640 to
392 1580 428 1638 be
451 1597 469 1639 a
492 1579 618 1639 necem
649 1609 683 1618 —
711 1581 740 1637 et
774 1579 823 1637 21t
844 1579 869 1638 ie
891 1580 943 1638 not
965 1597 1034 1655 very
1057 1581 1164 1656 closely
1187 1580 1275 1640 allied

10 1683 109 1743 unny
135 1668 221 1728 other
243 1668 348 1726 known
369 1684 473 1727 mose«
522 1667 612 1726 Nulla
634 1666 718 1725 adest
740 1665 899 1725 similitudo
922 1683 985 1725 cum
1002 1666 1111 1726 Lesbos
1134 1667 1276 1740 (Pseudo-

10 1753 102 1826 bekec)
128 1755 331 1831 monitiforme',
354 1771 418 1812 cnm
441 1771 499 1828 qna
521 1755 623 1814 auctor
644 1753 817 1828 Eryologiae
841 1753 1028 1813 Britannicae
1051 1755 1182 1828 plantam
1209 1773 1277 1816 noe·
1329 1754 1333 1762 '

10 1859 72 1900 rem
97 1844 264 1916 comparat.

424 1985 556 2072 Snbgen.
582 1986 633 2053 12.
677 1985 855 2070 Hypnum.

83 2129 222 2195 Plantae
243 2146 383 2210 procerae
406 2131 524 2196 erectae
548 2129 596 2195 vel
618 2128 869 2211 procumbentes,
890 2127 1066 2212 plerumque
1088 2129 1178 2214 longe
1200 2131 1279 2198 late·

10 2253 54 2316 [nc
74 2231 297 2316 campitantee,
320 2250 410 2315 parce
432 2251 589 2310 ramosae,
612 2231 821 2315 subpinnctim
842 2231 1014 2298 ramulosae
1036 2233 1085 2298 vel
1106 2233 1184 2300 rami
1207 2235 1279 2300 enb-

10 2338 175 2423 implioes,
197 2337 419 2416 eradicnlosae,
449 2337 548 2403 rarius
570 2355 660 2419 parce
682 2336 874 2415 radicantes,
898 2335 979 2401 loliis
1001 2336 1175 2404 latiueculie
1198 2339 1279 2406 inter

10 2443 280 2520 nudato-ovatum,
304 2445 428 2509 ovatum
445 2443 477 2508 et
492 2442 657 2526 oblongum
679 2441 865 2520 ludentibus,
889 2442 1017 2524 undique
1037 2444 1215 2526 patentibus
1230 2445 1279 2511 vel

10 2545 186 2622 mbricatis,
209 2565 277 2612 raro
293 2547 444 2627 secundis,
466 2547 601 2612 tenuiter
625 2545 806 2612 unicoetatie
829 2544 878 2610 vel
900 2546 1035 2614 breviter
1051 2547 1211 2616 bicoetatie
1227 2569 1279 2616 eeu

10 2650 142 2730 cistriis,
165 2649 278 2716 areolis
301 2649 466 2717 linearibus
489 2649 695 2734 perangustis.
740 2648 847 2714 Florae
869 2649 1004 2716 omnium
1027 2649 1089 2717 lere
1113 2653 1279 2736 speciemm

10 2754 100 2820 lioioi.
151 2752 302 2836 Capenlae
325 2755 474 2840 oblongae
496 2755 641 2820 incurvae
662 2753 836 2838 operculum
860 2753 1033 2821 mamillare
1063 2755 1111 2822 vel
1134 2775 1280 2824 convexo·

10 2876 151 2924 unicum.

14 3089 20 3104 .
53 3047 186 3104 Caulia
203 3045 278 3116 plue
295 3047 408 3102 minna
425 3046 1009 3118 regulariterpinnato-remulcens,
1027 3047 1125 3103 loliis
1138 3049 1284 3120 undique

356 3125 557 3205 pateintibne
574 3134 722 3189 vollare
739 3132 941 3189 imbricatis.

462 3257 498 3310 Δ.
527 3255 656 3312 Florae
672 3255 832 3311 monetet.

390 3388 442 3445 60.
476 3388 644 3457 Hypnum
667 3341 899 3445 cordiroliunn.

471 3507 573 3570 Hnuvv.
597 3509 688 3568 lineo.
710 3507 804 3568 freno.

93 3632 258 3718 Caespitee
295 3635 376 3715 laxi,
413 3637 541 3717 molles,
580 3638 705 3716 virides,
743 3637 872 3705 multati
909 3638 957 3703 vel
994 3635 1129 3703 demissi.
1183 3636 1286 3704 Caulis

10 3739 282 3806 lexnoso-erectue
301 3739 350 3806 vel
365 3742 576 3824 procumbens,
599 3742 722 3809 centim.
740 3741 1002 3826 10-2010ngue,
1025 3760 1114 3824 parca
1136 3741 1287 3809 radiculo-

10 3864 77 3920 ns,
111 3842 229 3925 pluries
252 3843 388 3922 divisus,
420 3846 548 3912 ramulis
577 3847 682 3929 paucis
709 3845 864 3912 biseriatie
894 3845 945 3911 bic
974 3845 1040 3912 illic
1073 3846 1286 3930 subpinnatue.

10 3947 97 4014 iulia
119 3945 243 4012 caulina
264 3947 496 4016 cordato-ovata
519 3952 551 4016 et
572 3952 637 4017 late
659 3951 899 4036 ovato-oblonga
920 3949 1046 4030 mutica,
1069 3949 1160 4035 longe
1181 3950 1287 4018 decur-

10 4049 122 4128 entia,
146 4047 264 4130 mollia,
289 4050 501 4136 integerrima,
524 4056 611 4120 costa
632 4072 728 4137 usque
751 4072 856 4120 verene
879 4053 996 4136 apicem
1019 4053 1181 4132 continua;
1211 4055 1288 4120 retis

10 4150 168 4221 ›ertenuia
191 4153 302 4220 areolis
326 4155 365 4221 ad
387 4157 504 4239 apicem
526 4159 558 4224 et
582 4159 754 4244 marginem
769 4161 963 4243 peranguste,
987 4159 1026 4224 ad
1041 4157 1172 4224 medium
1189 4159 1287 4226 lanius

10 4255 229 4338 *bomboideia
252 4258 291 4325 ad
314 4260 443 4345 angulos
466 4262 499 4328 et
520 4263 609 4330 basin
631 4262 771 4330 dilatatis
787 4263 1152 4348 hexagonorectangnlie,
1175 4283 1289 4348 granu·

11 4363 42 4426 is
71 4360 327 4446 cbloropbyllicie
349 4366 438 4431 utet
461 4367 594 4433 utriculo
616 4367 807 4450 primordiali
832 4367 918 4434 valde
941 4369 1063 4433 sinuoso
1086 4369 1192 4434 eontra
1213 4387 1288 4452 gen·
1386 4351 1390 4360 ’

10 4469 49 4530 is
78 4483 170 4530 usum
191 4467 373 4550 conspicuis.
419 4469 525 4537 l'loree
559 4471 687 4537 masculi
710 4472 742 4537 in
765 4472 965 4537 femineorum
988 4469 1154 4537 vicinitate.
1200 4471 1288 4538 Peri·

10 4568 168 4635 saeuum
189 4571 220 4635 in
245 4573 367 4638 ramulo
389 4574 579 4658 longiusculo
602 4576 758 4642 radicante
779 4576 922 4661 longum,
955 4575 1173 4652 imbricatum,
1206 4575 1288 4640 loliis

61 4683 196 4732 εευιιηιι,
210 4683 324 4736 enema.
348 4685 433 4730 nnn.
1083 4677 1117 4731 50
