3316 5262
330 331 395 400 766
884 332 1053 405 fllium

328 505 395 572 laxe
416 507 449 572 et
470 505 671 572 crassiuscule
694 506 861 588 quadrato·
882 508 932 573 vel
959 507 1323 586 rotmucoroicuuu,
1356 509 1438 576 costa
1466 508 1576 593 genem

329 610 468 692 perbrevi
490 610 726 676 obsoletissima.
770 611 973 696 Paraphyllie
994 610 1173 696 majuscula.
1217 611 1402 679 Perichaotii
1413 613 1579 680 laneimtri·

329 715 392 780 ceti
414 714 578 798 maJusculi
601 715 676 782 lolia
699 734 715 781 e
738 716 838 782 medio
860 717 989 798 patula,
1020 716 1143 782 interna
1174 716 1266 799 longe
1288 715 1580 798 fililormi-apicnlnta,

330 819 412 884 haud
435 819 565 886 sulcata.
597 817 730 902 Capsule
752 838 787 884 ex
809 820 912 887 erecta
926 818 994 886 basi
1009 819 1120 886 leniter
1135 819 1271 896 incurva,
1295 820 1343 886 vel
1357 819 1474 886 omnino
1487 822 1580 896 erecta

328 925 531 1009 cylindracea‚
554 925 686 1008 perfecte
708 926 830 990 matura
852 924 948 992 diluto
963 925 1120 1007 castanea,
1143 925 1284 1008 operculo
1299 924 1468 1004 roetellato,
1487 924 1582 990 annulo

329 1031 470 1114 angusto.
515 1021 694 1095 Peristo'mii
716 1028 822 1096 dentes
845 1028 1055 1113 angustiores,
1076 1028 1469 1114 ferrugineo-lutescentes,
1489 1027 1583 1093 interni

327 1150 486 1215 processus
523 1133 555 1198 in
593 1133 771 1200 membrana
806 1131 936 1200 besilari
973 1133 1153 1218 angustiore
1184 1133 1234 1198 vix
1263 1132 1470 1212 dehiscentes,
1500 1131 1583 1198 cilicie

328 1237 471 1304 breviore
491 1237 633 1304 solitaria
655 1238 705 1306 vel
727 1238 853 1317 binata,
875 1237 1029 1304 interdum
1052 1237 1206 1304 subnullo.
1250 1238 1357 1322 Bryol.
1382 1255 1444 1302 eur.
1465 1235 1528 1302 Vol.
1541 1233 1584 1310 Vl

330 1463 484 1548 Hypatam
506 1462 752 1529 Hcldcaicnum
774 1462 934 1530 Ganvnnnn
956 1464 1036 1530 Ann.
1059 1462 1094 1528 ol
1113 1463 1168 1529 the
1188 1463 1261 1546 Lyc.
1284 1462 1319 1530 ol
1337 1461 1449 1528 Natus.
1471 1460 1545 1527 nist
1564 1458 1587 1524 ol

436 1565 615 1632 Ner-Yorlr
642 1565 744 1646 1825,
777 1586 806 1651 p.
830 1568 914 1646 275,
937 1569 962 1632 t.
985 1565 1039 1634 23.
1084 1566 1190 1651 Bryol.
1212 1584 1277 1632 eur.
1299 1565 1322 1632 l.
1347 1583 1374 1632 c.
1419 1566 1466 1631 Du
1486 1563 1585 1629 Noun

437 1669 517 1752 llpil.
563 1671 689 1736 Hercu.
713 1669 826 1737 Sland.
848 1671 896 1736 ll.
920 1671 967 1737 ed.
993 1669 1044 1736 10.

371 1773 405 1840 Ο.
429 1775 563 1841 Monens
586 1775 715 1860 Synope.
759 1777 818 1841 Bm
840 1777 873 1842 et
894 1775 967 1842 Son.
991 1775 1096 1860 Bryol.
1120 1793 1183 1841 cnr.

328 1879 484 1965 Hypatam
505 1881 735 1946 curoiroetrum
756 1881 849 1945 Bam.
872 1878 978 1963 Bryol.
1002 1878 1085 1944 univ.
1108 1879 1150 1956 II,
1173 1895 1203 1960 p.
1227 1876 1303 1944 482.

328 1982 448 2048 Leekcc
470 1983 616 2050 wdecsie
638 1984 671 2050 et
694 1984 850 2070 Hypatam
871 1982 1005 2049 dodonec
1027 1983 1086 2048 An.
1109 1981 1222 2048 Bonus
1244 1982 1318 2049 mst.

328 2085 483 2172 Hypatam
506 2087 716 2174 cylindricum
739 2087 796 2152 BR.
819 2087 893 2152 met.

416 2208 525 2273 Hadid.
549 2209 588 2274 ad
611 2210 727 2274 terram
751 2208 935 2291 sylvaticum
956 2207 1166 2292 argillaceam,
1188 2224 1244 2273 nec
1259 2223 1320 2272 non
1335 2205 1377 2272 ad
1391 2205 1478 2291 Qua
1491 2207 1583 2290 pure

327 2309 448 2378 centia:
479 2329 572 2395 prope
595 2311 782 2396 Heidaldcrq
805 2313 839 2377 ot
859 2309 1007 2376 Durload
1028 2310 1139 2378 Ducat.
1162 2310 1308 2390 bodens,
1342 2310 1396 2378 ubi
1417 2311 1476 2376 An.
1497 2310 1581 2374 Banu·

326 2415 443 2499 primus
466 2414 498 2480 in
520 2415 645 2498 Europe
665 2414 764 2501 legit,
796 2415 835 2481 ad
863 2414 949 2500 ligna
970 2415 1140 2482 fabremcte
1162 2415 1286 2480 humide
1308 2433 1407 2498 prope
1429 2414 1495 2481 chl
1515 2411 1578 2478 Pin·

237 2597 239 2610 Ι
327 2520 436 2604 goriae
466 2518 635 2604 (Sumus),
667 2537 761 2604 prope
794 2519 954 2606 Bopclrce
985 2521 1024 2584 do
1056 2520 1192 2605 Biporrc
1223 2520 1455 2604 Pyrenaeorum
1490 2518 1578 2600 coptos

327 2625 378 2710 (R.
401 2623 532 2702 Sueuos,
555 2624 726 2709 anmrn),
750 2623 783 2688 in
806 2622 917 2690 Silasia
939 2641 1032 2708 prope
1048 2623 1188 2690 strehlen
1203 2624 1341 2710 (limen),
1364 2625 1398 2691 in
1416 2621 1582 2706 Westptelia

327 2729 380 2812 (H.
404 2730 562 2809 Monens),
585 2748 631 2812 pr.
655 2729 855 2814 Kdoipcbcrp
878 2730 1091 2816 (Rroscnm),
1114 2730 1147 2795 in
1168 2729 1337 2798 Hollandia
1360 2730 1461 2816 (ans
1482 2731 1513 2795 et
1530 2725 1583 2808 alt

327 2834 360 2899 in
374 2833 468 2900 Italia
484 2833 648 2916 superiore,
667 2851 783 2916 pasena
797 2833 956 2917 sylvarum
972 2834 1116 2900 habitune
1138 2853 1232 2920 prope
1246 2833 1471 2914 Mediolanum,
1491 2835 1521 2898 et
1539 2829 1584 2913 spl-

327 2957 380 3004 vas
403 2955 498 3022 prope
524 2939 713 3017 Taurinum,
743 2957 837 3021 prope
862 2938 971 3004 §traso
991 2940 1024 3005 et
1047 2939 1173 3004 Bonoso
1194 2939 1234 3005 ed
1257 2937 1436 3006 Verbanum
1459 2937 1516 3024 (lle
1535 2933 1584 3000 No

326 3046 439 3130 ruem),
461 3042 493 3107 in
517 3061 591 3126 agro
613 3043 791 3109 bassanensi
807 3043 983 3128 (Morum),
1007 3061 1101 3126 prope
1118 3043 1265 3109 Loccrao
1287 3043 1470 3128 (Damno),
1491 3039 1584 3106 inSus

326 3147 374 3214 cin
396 3147 501 3214 sterile
523 3148 719 3214 observatum
742 3148 807 3224 ost;
830 3147 862 3210 in
877 3146 1011 3213 Fanniae
1032 3165 1119 3230 pror.
1139 3147 1290 3213 Tcocstc'c
1311 3147 1446 3214 australi
1469 3142 1584 3230 pluribus

325 3251 403 3319 locis
425 3251 527 3319 fertile
542 3252 752 3338 (tenuemus,
775 3250 943 3334 Noenum),
966 3251 1073 3318 sterile
1088 3251 1120 3316 in
1134 3250 1283 3318 lavastia
1297 3251 1417 3319 boreali
1431 3251 1480 3336 (ll.
1495 3249 1583 3317 nuel.

325 3357 416 3422 Haud
438 3374 542 3422 rarum
563 3355 596 3420 in
611 3355 755 3422 Amorion
769 3355 929 3440 septentr,
951 3355 1110 3439 praecipue
1132 3353 1164 3419 in
1182 3354 1326 3438 Gocodc,
1350 3355 1405 3422 nbi
1427 3355 1545 3421 'losum
1561 3356 1584 3413 et

325 3462 459 3527 Hnmnrs
481 3459 574 3544 primi
596 3460 846 3527 observaverunt.

413 3565 523 3629 Fract.
546 3571 662 3628 molor.
687 3580 754 3628 saro
777 3564 950 3628 suctumno.

413 3675 510 3738 Facile
533 3676 571 3735 eb
594 3674 633 3734 H.
656 3674 877 3752 mprmsifomi
908 3671 1102 3748 distinguitur
1132 3673 1295 3750 caespitum
1318 3674 1414 3736 coloro
1436 3667 1582 3734 lntescenti·

326 3761 429 3834 riridi,
458 3761 537 3822 foliis
559 3762 850 3838 erecto-patentibus,
878 3760 948 3822 solis
978 3760 1101 3822 caulinis
1123 3761 1313 3822 subsecundis
1334 3761 1489 3824 latioribus
1509 3759 1582 3818 uino

325 3849 412 3926 longe
436 3849 628 3921 acuminatis,
651 3850 773 3924 capsula
794 3847 824 3908 in
847 3847 989 3923 pedicello
1010 3848 1142 3925 longiore
1165 3848 1298 3910 siccitate
1321 3849 1501 3910 dcxtrorsnn
1521 3849 1581 3902 torto

328 3937 477 4012 elongata,
499 3935 616 4012 saepius
639 3939 739 3998 exacte
762 3935 923 4014 cylindrica
945 3937 975 3996 ct
998 3937 1079 3996 rectu
1103 3934 1366 4014 Oplc'odrotlceclcoo
1388 3935 1547 3998 mentiente.

705 4113 761 4170 40.
798 4111 967 4180 Hypnum
989 4123 1217 4170 nemorosum.

728 4233 813 4294 Kocn
834 4233 866 4292 in
888 4234 974 4294 Bam.
997 4233 1095 4310 Bryol.
1120 4233 1198 4294 onir.

412 4364 617 4430 Praecedente
639 4364 730 4447 paulo
753 4364 919 4442 robustius,
941 4363 1091 4448 caespites
1115 4363 1279 4430 aedificans
1296 4361 1445 4430 demissos
1458 4361 1531 4426 laete
1544 4353 1577 4416 ul

324 4467 628 4536 luteecenti-virides.
674 4467 778 4536 Caelis
801 4469 964 4553 elongatus
987 4468 1195 4551 subpinnatim
1219 4467 1407 4546 remulcens,
1430 4459 1577 4531 innovatio

324 4573 413 4639 nibus
436 4575 528 4656 etque
549 4572 680 4640 ramulis
702 4574 824 4658 saepius
847 4572 955 4640 divisis
977 4573 1220 4658 assurgentibus.
1243 4572 1389 4640 radiculis
1413 4563 1576 4636 monuistis

324 4677 450 4746 adfixus.
495 4677 584 4744 Folia
606 4677 728 4745 centina
748 4679 905 4763 patentia,
929 4677 1038 4761 patula
1060 4681 1093 4746 ot
1113 4677 1224 4745 leniter
1246 4677 1455 4762 complanato,
1472 4669 1574 4758 junilrl
