3388 5242
873 293 1014 372 Bryaeeae.

722 524 776 579 40.
804 525 937 592 Bryum
958 526 1168 592 argenteum.

816 645 899 704 Irrnu.
923 647 1005 722 Spes.
1029 645 1073 704 Pl.

391 793 561 878 Caespituli
585 794 770 879 irregulares
792 796 1023 864 incohaerentes
1046 797 1095 864 rel
1119 797 1196 863 satis
1220 797 1408 876 condensati,
1431 817 1468 864 cr
1483 800 1598 865 albido

191 913 196 918 ·
305 899 428 979 virides,
450 899 590 967 siccitate
613 901 892 984 sericeo-argentei.
938 903 1052 968 Planta
1075 902 1200 968 hundlis
1225 903 1357 982 nuella,
1391 903 1481 970 ualde
1506 904 1598 970 radi-

305 1004 420 1083 eulosa,
443 1005 569 1070 ramulis
594 1005 731 1088 pluribus
754 1006 922 1090 gracilibus
941 1007 1079 1089 julaceis.
1124 1007 1212 1074 Folia
1234 1007 1356 1074 caulina
1379 1011 1412 1074 et
1435 1009 1596 1074 rannulina

305 1108 437 1175 obovata
460 1110 548 1176 valde
571 1129 702 1176 correava
724 1111 824 1176 subito
847 1111 1015 1198 spiculata,
1039 1112 1169 1178 comalia
1191 1112 1324 1196 oblonga
1339 1113 1455 1179 sensim
1471 1113 1503 1177 in
1521 1113 1599 1195 api-

304 1215 407 1279 culum
431 1214 589 1297 producta,
613 1217 699 1282 costa
722 1235 813 1300 snpra
835 1216 969 1282 medium
991 1217 1129 1294 evanida,
1153 1216 1221 1283 laxe
1244 1218 1424 1298 reticulata,
1448 1219 1597 1302 margine

305 1319 396 1401 plano
418 1318 629 1402 integerrima.
675 1319 808 1402 Capsula
830 1320 861 1385 in
885 1320 1033 1404 pedieello
1057 1340 1185 1405 superne
1208 1325 1334 1388 arcuato
1357 1322 1512 1405 pendula,
1536 1323 1597 1387 ob-

305 1422 408 1507 longa,
432 1421 511 1488 sicca
535 1423 593 1488 sub
616 1441 667 1490 ore
689 1423 876 1503 constricta,
899 1425 1152 1509 rulo-sanguinea
1174 1427 1276 1492 aetate
1298 1425 1475 1510 nigricans,
1498 1446 1595 1509 oper-

305 1526 373 1592 culo
396 1545 528 1593 convexo
558 1526 606 1592 vir
640 1527 811 1610 spiculata,
844 1528 1078 1595 rulo-aurantio.
1124 1529 1302 1596 Peristomii
1334 1531 1441 1596 dentes
1471 1532 1597 1596 inferne

305 1631 449 1711 aurentii,
473 1650 603 1714 superne
625 1633 830 1712 lutescentes‚
865 1634 1005 1700 siccitate
1030 1633 1111 1700 iuter
1137 1655 1296 1718 praeesses
1319 1637 1436 1702 erectos
1460 1637 1595 1714 incurri,

305 1737 418 1805 insterni
441 1738 619 1804 membrana
642 1737 786 1804 basilaris
808 1738 962 1806 lucescens
987 1741 1034 1807 vel
1057 1739 1193 1824 lryalina.
1239 1741 1345 1821 Bryol.
1366 1759 1428 1807 eur.
1446 1741 1519 1806 Vol.
1538 1741 1595 1820 IV,

306 1841 382 1908 'lab
407 1840 481 1907 384.

307 1966 430 2051 Bepara
453 1964 615 2049 pendulum
636 1963 790 2050 julacerun
813 1969 846 2033 et
867 1967 1023 2034 sericeum.
1048 1967 1137 2034 Dran.
1154 1968 1238 2034 Hist.
1253 1967 1349 2035 Musa.
1374 1988 1403 2051 p.
1419 1966 1494 2046 392,
1519 1971 1546 2033 t.
1561 1973 1595 2035 5.

308 2070 433 2154 Bryant
463 2077 660 2154 (rependeant,
693 2071 831 2136 authuris
862 2072 1019 2154 pendulis,
1050 2071 1180 2138 surculis
1210 2071 1381 2137 imbricatis
1412 2072 1595 2156 cylindricis

415 2173 560 2240 laevibus.
590 2175 680 2241 Lruu.
704 2175 754 2259 Sp.
778 2175 826 2242 Pl.
850 2177 896 2242 ed.
913 2178 943 2256 2,
967 2196 995 2261 p.
1016 2175 1107 2243 1586.

352 2297 460 2362 llanw.
499 2295 585 2379 Spec.
624 2297 722 2364 Musc.
767 2300 857 2364 Brun.
897 2299 1001 2384 Bryol.
1035 2299 1119 2366 univ.
1165 2299 1263 2364 Hoou.
1298 2300 1329 2364 et
1359 2299 1456 2365 Tere..
1490 2299 1592 2363 Mursa.

415 2403 495 2470 Brit.
542 2401 574 2468 O.
598 2403 732 2468 bibones
760 2403 888 2488 Synops.
935 2405 983 2469 De
1006 2405 1145 2470 Norams
1176 2403 1252 2488 Syll.
1278 2407 1309 2468 et
1333 2403 1413 2486 lipil.
1460 2403 1588 2468 Hasna.

415 2507 526 2574 Skand.
549 2507 596 2573 ul.
641 2506 773 2572 Wucsou
796 2509 899 2593 Brycl.
924 2509 1004 2575 Brit.

307 2628 379 2696 Var.
399 2636 419 2710 β
442 2630 558 2713 suajus,
581 2629 703 2694 densius
718 2630 934 2713 caespitosum,
958 2632 1088 2697 ramulis
1105 2630 1276 2698 numerosis
1292 2629 1483 2714 longioribus
1498 2629 1592 2694 dense

415 2735 559 2801 confertis
589 2735 883 2820 glauco-viridibus,
915 2737 996 2804 loliis
1028 2735 1226 2812 submuticis,
1258 2735 1385 2818 capsula
1414 2733 1464 2799 rix
1496 2753 1592 2817 supra

417 2841 552 2906 ramulos
575 2840 641 2905 elat
663 2889 670 2904 .

312 2962 436 3047 Brpum
453 2963 616 3046 judacemu
639 2961 774 3028 Seuere.
798 2961 904 3045 spicil.
927 2963 1008 3029 Flor.
1032 2982 1169 3049 german.

308 3083 383 3148 Ver.
407 3109 425 3168 y
447 3083 599 3165 latratum,
623 3085 780 3166 compacto
804 3085 835 3150 et
858 3083 1345 3168 subpulvinsto-caespitnlosum,
1368 3083 1496 3150 ramulis
1521 3086 1593 3150 bre-

418 3189 553 3254 uioribus
576 3188 793 3268 crassioribus,
817 3190 933 3270 niveis,
956 3190 1038 3257 soliis
1067 3191 1158 3276 longe
1180 3189 1343 3272 spiculatis
1366 3187 1415 3254 uel
1437 3189 1469 3252 in
1494 3189 1591 3271 pilum
1669 3179 1670 3192 ’

415 3294 582 3362 flexuosum
604 3295 771 3377 productis,
795 3297 877 3361 omni
901 3296 1112 3381 chlorophyllo
1127 3295 1298 3373 destitutis,
1323 3293 1475 3372 scanosis,
1500 3293 1592 3358 sicei-
1669 3351 1670 3358 ,

416 3402 481 3468 tate
504 3399 791 3484 albida-argenteis,
814 3402 940 3484 capsula
962 3401 1083 3486 lougius
1107 3401 1289 3484 pedicellata
1311 3402 1460 3467 breviore.

308 3505 431 3590 Bryurn
453 3504 597 3570 inlautum
619 3505 709 3572 Bam.
734 3505 831 3572 Mant.
855 3509 887 3572 et
909 3505 1014 3590 Bryol.
1037 3505 1119 3572 univ.
1167 3506 1241 3570 Pan.
1266 3505 1386 3572 Burni.
1409 3502 1519 3568 Prodr.

394 3627 504 3692 Habit.
527 3625 566 3692 ad
586 3627 702 3692 terram
717 3647 905 3708 areuaccam,
929 3628 1127 3712 argillaoeam
1141 3629 1174 3694 et
1188 3625 1410 3702 carbonariam,
1434 3625 1466 3690 in
1481 3627 1589 3701 muris,

306 3731 409 3808 tectis,
433 3749 491 3796 non
516 3730 614 3796 solum
639 3751 691 3814 pcr
716 3735 814 3799 totam
839 3733 991 3816 Europam
1015 3733 1068 3799 sed
1092 3752 1145 3815 per
1167 3733 1268 3797 totum
1291 3731 1406 3808 orbem,
1428 3729 1591 3812 eplarntie
1669 3799 1670 3808 ,

308 3853 402 3918 usque
434 3836 465 3901 iu
498 3836 651 3920 regionem
676 3837 888 3921 subalpinanr;
919 3847 1027 3919 vaae
1056 3838 1131 3904 locis
1161 3837 1401 3912 humidioribus;
1431 3855 1495 3902 rar.
1517 3863 1536 3920 y
1561 3838 1590 3900 iu
1669 3855 1670 3910 l

307 3940 461 4006 montibus
485 3939 662 4006 editioribus
685 3940 731 4026 (in
754 3963 873 4009 summa
898 3943 1106 4029 (lerlosplutte
1128 3942 1249 4028 'l'yrolis
1273 3941 1365 4026 legi),
1389 3945 1421 4006 et
1442 3941 1474 4006 in
1497 3961 1591 4006 zonae

307 4045 513 4110 meridionalis
538 4045 659 4129 regione
682 4048 857 4131 campestri.
887 4049 947 4114 l'er
969 4049 1118 4128 Atticam,
1143 4051 1303 4131 utramque
1326 4046 1512 4122 diuulsum,
1537 4065 1592 4128 per

306 4149 416 4216 Asiam
441 4148 618 4216 calidiorem
641 4153 673 4216 et
696 4171 749 4234 per
772 4153 964 4220 Australium
987 4152 1240 4237 copiosissimum.

398 4253 505 4318 Frucl.
532 4262 647 4320 nectar.
672 4256 779 4340 hyeme
802 4260 834 4324 et
857 4257 957 4342 primo
980 4278 1059 4325 vere.

396 4383 521 4458 Capsula
546 4403 596 4459 pro
621 4403 698 4445 ruore
723 4387 840 4447 brevius
864 4389 1057 4463 podicollutu,
1086 4389 1231 4463 pendula,
1262 4385 1446 4458 eremicolis,
1469 4387 1589 4461 pulchra

307 4471 430 4530 rubente
455 4475 484 4530 et
507 4473 760 4548 atro-sanguinea,
784 4477 903 4535 ramulis
927 4479 1015 4536 dense
1038 4476 1152 4538 foliosis
1171 4477 1295 4552 julaccis
1318 4494 1334 4534 e
1357 4475 1443 4535 viridi
1465 4475 1591 4532 aericus-

308 4559 506 4620 albicantibus
529 4559 620 4634 primo
644 4561 752 4620 intuitu
776 4564 983 4640 dastinguitur.
1030 4565 1232 4624 (brotodculis
1250 4565 1413 4642 praepares,
1437 4561 1591 4622 lbuurim

306 4647 542 4727 lyyromuriece,
565 4645 750 4708 Dirrauclluc
773 4654 872 4712 curiae
894 4670 989 4713 comes
1012 4655 1179 4714 consulatue.
