3388 5242
859 299 999 376 Bryeceea.

289 483 411 566 Brpum
425 483 616 567 giganteum,
633 480 861 562 umbraculam,
875 481 1118 565 prandisole'um,
1136 481 1382 565 Beyre‘rba'onum
1397 483 1456 548 etc.
1472 479 1563 566 bajus

396 585 574 670 subgeneris
597 587 678 652 suunt.

735 788 785 844 65.
815 786 948 852 Brpum
968 799 1118 844 roseum.

809 910 931 969 sennes.
955 909 1052 984 Spicil.

376 1039 477 1106 Densa
499 1038 673 1123 gregarium
697 1040 744 1104 vel
768 1038 835 1106 lene
858 1042 1084 1124 caespitosum;
1107 1041 1257 1123 caespites
1281 1041 1419 1106 saturata
1443 1039 1566 1104 virides.

289 1144 394 1210 Cauiis
416 1144 504 1224 parte
521 1142 719 1208 subterranea
742 1144 774 1208 et
796 1144 966 1212 stolonibus
989 1145 1081 1210 dense
1103 1143 1290 1210 radiculosis.
1334 1143 1421 1209 Folia
1443 1142 1568 1208 caulius

290 1250 419 1324 remota,
442 1246 597 1329 adpreesa,
620 1247 956 1332 oblongo-lanceolata,
980 1249 1095 1328 tenuia,
1118 1248 1249 1314 conualle
1272 1247 1427 1326 solidiora,
1450 1247 1568 1314 acumi-

290 1350 568 1433 nate-spathulas,
584 1352 684 1429 acuta,
701 1350 739 1417 ab
755 1350 839 1433 apice
857 1371 960 1418 versus
978 1353 1111 1419 medium
1132 1353 1219 1418 acute
1235 1350 1434 1430 denticulata,
1457 1351 1567 1416 debinc

289 1453 327 1520 ad
350 1455 437 1520 basin
453 1455 591 1538 margine
606 1454 731 1533 'reflexa
756 1455 914 1538 subplaua,
931 1456 1070 1523 siccitate
1085 1456 1262 1539 crispetula,
1284 1457 1371 1521 cesta
1385 1475 1402 1520 e
1418 1455 1487 1520 rula
1503 1455 1568 1520 basi

290 1559 401 1624 latiore
421 1558 588 1625 semitereti
604 1560 782 1644 angustata,
803 1579 897 1642 usque
920 1561 951 1625 in
977 1561 1093 1644 apicem
1110 1561 1264 1638 contiuua,
1286 1559 1354 1625 laxe
1373 1561 1470 1637 texta
1494 1559 1569 1624 retis

290 1662 484 1728 mediocriter
505 1662 565 1728 luxi
588 1662 708 1728 cellulis
732 1662 820 1730 valde
850 1664 1086 1747 leptodermicis,
1117 1665 1268 1741 convexis,
1299 1663 1565 1748 ebloropbyllosie.

292 1767 421 1832 Plantae
445 1765 596 1831 masculae
619 1765 650 1830 in
672 1765 859 1850 caespitibus
881 1768 1013 1850 propriis
1036 1768 1191 1853 degentes,
1216 1786 1284 1833 rere
1308 1767 1450 1834 femineis
1473 1768 1569 1832 iuter·

291 1870 416 1946 mixtae,
440 1869 530 1952 paulo
554 1870 705 1945 minores,
729 1870 811 1936 feliis
835 1871 1004 1937 carnalibus
1027 1871 1225 1951 brevioribus,
1249 1870 1420 1950 latioribus,
1444 1870 1569 1954 elegan-

291 1977 340 2041 ter
358 1974 651 2056 stelleto-erpansis.
682 1973 815 2056 Capsula
838 1993 873 2040 er
897 1975 1000 2041 eodem
1024 1975 1211 2058 periebaetie
1234 1975 1376 2042 solitaria
1398 1975 1447 2040 vel
1470 1975 1518 2040 bi·
1539 1977 1570 2040 et

292 2079 422 2153 temate,
438 2078 469 2142 iu
483 2076 736 2160 pedieellesolido
748 2079 951 2147 crassiuseulo
962 2079 1197 2163 rulo-purpureo
1208 2099 1338 2162 superne
1353 2083 1479 2146 arcuato
1494 2099 1570 2162 peu·

291 2181 383 2260 dola,
405 2181 565 2265 elongato-
588 2181 636 2247 vel
658 2181 951 2267 oblongo-obeonioa
974 2182 1085 2250 leniter
1107 2185 1251 2261 incurva,
1279 2203 1348 2250 raro
1370 2183 1569 2249 oberateob

292 2287 386 2371 longa
409 2285 621 2368 subaequalis,
645 2288 725 2353 sicce
747 2287 803 2352 sub
826 2307 877 2354 ere
898 2287 979 2354 baud
1002 2287 1189 2366 constricta,
1212 2287 1318 2366 solida,
1342 2287 1571 2364 mle-bmuuea

292 2391 433 2475 operculo
456 2390 622 2457 mamillari
646 2390 889 2474 rulo-purpureo.
920 2392 1063 2458 Asuuius
1086 2390 1244 2474 spiraliter
1265 2391 1454 2457 reuolubilis.
1485 2391 1572 2458 Peri-

293 2495 398 2562 stomii
420 2495 526 2561 dentes
550 2495 697 2579 perlongi,
720 2493 897 2580 ferruginei,
920 2496 1032 2561 interni
1053 2496 1230 2579 membrana
1246 2495 1310 2562 lata
1326 2496 1479 2574 aurantia,
1502 2514 1572 2579 pro·

293 2620 395 2668 cessus
419 2599 450 2664 in
473 2601 577 2666 carina
599 2599 746 2666 lacunosi.
792 2599 906 2682 Sporae
929 2600 1043 2680 fuscae,
1070 2597 1147 2684 ²,r'1eu
1165 2619 1238 2667 mm.
1262 2601 1436 2667 metientes.
1468 2599 1571 2683 Bryel.

294 2725 359 2772 eur.
382 2704 451 2770 Vol.
476 2703 529 2783 IV,
552 2704 628 2770 Tab.
652 2702 725 2771 365.

296 2845 417 2930 Rapum
435 2844 572 2922 stellare,
588 2863 718 2923 roseum,
736 2843 844 2928 majus,
861 2842 942 2910 loliis
958 2803 1108 2928 oblongis.
1136 2843 1436 2913 b11.n.}list·.l1usa
1453 2863 1482 2926 p.
1498 2841 1572 2922 lll,

406 2953 428 3015 t.
451 2949 504 3027 52,
530 2949 548 3014 l.
573 2950 624 3014 77.
676 3013 678 3018 ,

297 3069 420 3154 Brymu
444 3090 566 3134 reseram
589 3069 722 3135 Sonans
746 3068 848 3152 Spicil.
873 3068 954 3135 Flor.
979 3068 1051 3152 lips.
1098 3071 1187 3136 Baro.
1212 3070 1309 3136 Marri.
1333 3069 1430 3136 blase.
1461 3071 1517 3137 Be.
1541 3076 1571 3134 et

404 3175 478 3242 Seu.
502 3173 607 3258 Bryol.
630 3193 694 3240 eur.
740 3173 773 3240 C.
797 3174 932 3239 Muenna
954 3175 1083 3258 Synops.
1115 3175 1240 3240 naseu.
1262 3173 1376 3242 Skaud.
1401 3175 1447 3240 Pl.
1487 3173 1574 3238 wlu-

407 3296 463 3344 sou
487 3278 579 3362 Bryol
604 3277 684 3345 Brit.
730 3279 779 3344 De
801 3279 921 3344 Nouae.
947 3279 1026 3360 Epil.

300 3402 423 3467 Marium
446 3419 570 3466 roseum
595 3373 709 3466 Heron.
729 3401 781 3483 Sp.
804 3400 847 3466 M.
893 3401 1076 3467 Seewame.
1100 3400 1203 3484 Suppl.
1226 3401 1250 3466 l.
1298 3401 1344 3465 Du
1360 3399 1481 3466 Norae.
1497 3397 1574 3482 Syll.

303 3507 425 3592 Bagam
450 3507 542 3573 Pella
565 3529 655 3573 rosea
679 3508 767 3571 Baro.
792 3506 897 3590 Bryol.
922 3506 1002 3572 univ.

385 3631 493 3695 Hrrbit.
527 3630 557 3694 in
581 3630 677 3714 sylvis
700 3629 851 3695 umbrosis
875 3627 1009 3714 regionis
1032 3627 1212 3712 campestris
1234 3629 1326 3709 atque
1349 3629 1512 3692 montanae
1535 3625 1573 3690 ed

298 3739 412 3801 terrem
436 3738 469 3800 et
491 3735 632 3800 arborum
657 3734 788 3800 radices:
823 3734 855 3798 in
886 3733 1047 3819 sylvatieis
1079 3751 1172 3817 prope
1195 3733 1438 3816 Argentoratum
1469 3733 1498 3795 el
1523 3748 1577 3812 per

297 3842 395 3907 totam
419 3838 517 3904 Rheni
541 3838 702 3921 planitiem
719 3839 800 3905 baud
816 3859 884 3904 raro
901 3838 1100 3917 fructiferum,
1123 3839 1153 3904 iu
1170 3837 1295 3920 Alpium
1317 3834 1449 3901 vallibus
1473 3853 1577 3900 nemo·

297 3943 374 4010 rosis
398 3943 535 4026 copiose,
560 3943 590 4008 in
607 3943 767 4009 Britannia
786 3945 878 4026 atque
893 3943 1097 4010 Scandinauie
1121 3941 1219 4008 rarius
1235 3939 1376 4025 provenit
1391 3942 1425 4005 et
1440 3939 1577 4021 plerum·
1675 4001 1676 4038 ,

298 4067 354 4132 que
376 4048 500 4123 sterile;
523 4047 710 4114 lruetileruru
734 4048 915 4115 eTavastia
931 4047 1062 4114 Fanniae
1083 4048 1122 4112 cl.
1139 4047 1284 4112 Nouanus
1301 4043 1397 4111 misit.
1430 4044 1465 4108 ln
1482 4045 1579 4108 Ame-

298 4154 362 4219 rloa
384 4152 618 4234 septentrionali
642 4152 722 4218 band
745 4172 815 4218 raro
838 4151 1027 4218 lructilieaus
1051 4153 1212 4235 reperitur.

388 4257 496 4322 Fruar.
522 4264 636 4322 rrrmrrr.
662 4277 729 4323 sere
752 4259 926 4323 auctumuo.

387 4389 468 4446 Inter
492 4389 569 4463 Brya
599 4405 743 4462 europaeo
767 4388 1027 4463 speciosissimum,
1060 4405 1123 4446 oum
1148 4386 1227 4446 nullo
1249 4386 1307 4445 alio
1330 4383 1581 4448 commutandum:

300 4475 432 4536 loliorum
456 4475 667 4546 reticulatum,
690 4477 826 4550 capsulae
849 4475 941 4536 forma
965 4481 994 4532 et
1018 4475 1178 4549 peristomii
1201 4474 1296 4534 indole
1319 4471 1435 4532 omnino
1458 4471 1580 4545 bajosae

299 4563 415 4638 generis
438 4579 489 4622 uec
514 4561 589 4620 Marii
611 4565 644 4621 nt
666 4562 798 4623 norrrrulli
821 4564 988 4624 censebant.
