3434 5234
298 279 362 348 234
835 280 1035 340 Grlmitw·

298 463 401 524 Modus
423 465 590 541 vegetandi,
611 466 779 540 plantarum
803 465 932 536 habitus,
954 467 988 526 ut
1011 467 1041 526 et
1063 465 1197 527 loliorum
1220 465 1312 528 iorma
1334 467 1430 544 magis
1452 467 1489 528 ad
1510 465 1579 528 Tri·
1696 450 1697 458 ἵ

296 553 471 612 cbonomcae
502 556 639 627 spectant
662 571 749 629 queam
772 554 810 613 ad
834 553 1052 612 Gripume'cseos.
1097 555 1184 614 Facie
1212 556 1353 617 exteriore
1375 555 1578 633 Didymodon·

296 646 351 698 tem
371 659 564 718 squarrosom
593 641 736 701 exoticam
768 641 915 712 aemulat,
945 642 996 701 sed
1029 641 1122 700 forma
1153 641 1287 702 loliorum
1312 643 1578 720 integerrimorum,

297 744 452 804 eorumque
476 728 667 788 consistentia
690 731 720 788 et
742 729 946 789 reticulatione
969 730 1033 789 toto
1056 728 1135 789 coelo
1158 730 1259 790 distat

719 1039 721 1046 ,
782 947 946 1033 'l'rlbus
972 949 1096 1033 vm.

729 1104 1142 1190 drinnlaoeoe.

382 1278 482 1345 Musei
498 1280 665 1364 acrocarpi,
687 1280 844 1347 rarissime
859 1280 1041 1364 cladocarpi,
1065 1279 1121 1346 sub
1136 1278 1221 1363 epioe
1237 1277 1368 1344 florifero
1383 1275 1577 1355 innovantes,

295 1383 375 1450 unde
402 1383 761 1466 repetito-dichotomae,
790 1385 856 1452 basi
890 1386 996 1452 totove
1023 1386 1110 1452 caule
1139 1383 1321 1453 radicantes.
1367 1382 1456 1448 Folia
1477 1381 1577 1466 pluri·

296 1487 429 1566 seriata,
463 1507 577 1571 opaca,
610 1488 669 1554 reti
703 1489 819 1556 inferne
853 1489 1013 1576 hexagono
1035 1490 1083 1556 rel
1106 1489 1216 1556 lineari
1239 1487 1418 1573 saepiusque
1441 1485 1576 1566 sinuoso,
1698 1535 1699 1540 η

296 1591 414 1674 apicem
436 1611 542 1659 versus
557 1593 673 1660 minute
693 1593 1035 1680 hexagono-rotundato
1057 1593 1108 1660 vel
1130 1591 1328 1678 punctiiermi
1350 1591 1440 1658 valde
1455 1591 1577 1657 chloro·

295 1694 447 1780 phylloeo.
489 1696 593 1764 Floras
616 1698 855 1783 gemmifermes.
902 1697 1035 1782 Capsnla
1056 1698 1088 1763 in
1110 1697 1257 1781 pedicello
1278 1697 1362 1763 recto
1384 1697 1434 1762 vel
1449 1696 1575 1763 arcuato

295 1801 397 1866 erecta
418 1801 596 1886 plerumque
618 1803 762 1885 aequalis.
809 1802 958 1888 Calyptra
980 1801 1218 1882 mitraeiormis,
1246 1801 1403 1886 capsulam
1425 1817 1464 1868 ex
1486 1801 1576 1883 parte

296 1903 343 1969 vel
366 1906 465 1971 totam
488 1904 656 1985 includens,
679 1907 779 1972 rarius
802 1907 1033 1987 cuculliiormis,
1055 1907 1154 1974 laevis
1177 1907 1227 1973 vel
1249 1907 1378 1986 sulcata,
1400 1905 1481 1972 baud
1504 1923 1573 1970 raro

295 2008 403 2092 pilosa.
448 2009 667 2076 Peristomium
690 2011 848 2076 rarissime
870 2010 1032 2089 deficiens,
1057 2011 1187 2096 simplex
1210 2011 1260 2077 vel
1282 2011 1410 2096 duplex,
1432 2007 1573 2076 dentibus

296 2112 434 2197 ciliisque
457 2115 568 2198 planis,
591 2115 692 2181 rarius
715 2115 919 2182 filiiormibns.

853 2317 967 2392 Fam.
993 2317 1026 2387 Ι.

745 2445 1135 2532 Cinolidoteoe.

733 2595 923 2672 ltipariaceae
955 2596 1052 2672 Bryol.
1084 2613 1143 2654 eur.

381 2743 480 2810 Musei
504 2746 638 2829 aquatici
661 2747 810 2830 speciosi,
844 2749 996 2833 caespites
1022 2747 1194 2815 latissimos
1217 2743 1416 2812 atro-uirides
1438 2743 1572 2808 tormen·

295 2847 352 2924 tes,
376 2847 581 2931 fasciculam,
604 2869 674 2917 raro
696 2852 871 2921 dichotome
892 2852 1016 2932 mmosi,
1040 2851 1106 2919 basi
1130 2851 1275 2919 radiculis
1294 2847 1397 2928 adfixi,
1420 2849 1571 2914 caeterum

295 2949 389 3017 libare
412 2951 606 3021 fluctuantes.
637 2956 725 3022 Folia
748 2957 897 3040 patentia,
921 2958 1029 3038 solida,
1052 2957 1266 3035 crassiusoula,
1290 2953 1442 3022 ocellulis
1463 2971 1572 3036 paren

294 3055 483 3139 chymatosis
506 3058 623 3141 apicem
646 3079 751 3127 versus
774 3062 902 3128 minutis
925 3062 1016 3129 valde
1038 3059 1296 3146 cbloropbyllosis
1319 3057 1496 3135 efformata,
1518 3075 1571 3122 ra·

294 3159 355 3226 lide
379 3163 508 3242 costato,
531 3163 620 3230 dorso
644 3164 967 3249 depresso-papilione.
1000 3167 1107 3234 Floras
1130 3165 1231 3244 dioici,
1252 3162 1377 3232 feminei
1399 3162 1495 3230 nmis
1510 3159 1571 3245 pri·

294 3265 402 3332 mariis
424 3268 620 3349 terminales,
648 3271 777 3337 masculi
799 3291 879 3339 nuuc
901 3272 1095 3352 terminales,
1118 3289 1199 3338 nuno
1220 3271 1253 3338 in
1274 3266 1405 3336 ramulis
1426 3265 1570 3336 secumc-
1701 3355 1702 3360 ἵ

295 3368 350 3435 riis
373 3371 561 3440 abbreviatis
583 3374 791 3459 agglomerati
814 3376 991 3444 terminales
1015 3379 1046 3443 et
1069 3376 1222 3443 arillarss.
1264 3375 1397 3440 Fructum
1413 3389 1502 3456 saepe
1516 3389 1570 3435 nu·
1700 3371 1702 3406 l

295 3475 506 3543 morosissimi.
552 3476 700 3562 Calyptra
728 3479 1022 3560 conice-cucullata,
1054 3481 1153 3546 firma.
1200 3477 1334 3562 Capsula
1356 3472 1570 3542 immersam]

294 3599 424 3660 emersa,
447 3582 666 3666 pacbyderma,
690 3585 887 3652 crannulat.
931 3585 1109 3653 Paristomii
1132 3585 1283 3670 simplicia
1305 3583 1413 3651 dentes
1436 3599 1571 3648 emem-

295 3686 390 3752 brana
412 3687 540 3753 basilari
563 3690 733 3756 cancellata
754 3690 911 3770 multifidi,
934 3690 1134 3759 divisionibus
1157 3691 1352 3757 filiiormibns
1374 3687 1491 3754 inferos
1506 3688 1571 3752 tra·

294 3790 408 3858 baculis
431 3793 674 3876 cohaerentibus,
697 3815 826 3878 superne
842 3796 958 3877 liberis,
980 3797 1152 3880 pupillosis,
1175 3794 1272 3879 quood
1295 3795 1484 3862 structuram
1498 3791 1572 3856 deu·

295 3894 377 3961 tibus
393 3895 598 3964 Barbularum
619 3898 784 3980 similibus,
807 3900 944 3982 rebellis,
967 3901 999 3968 in
1021 3921 1081 3970 una
1104 3901 1203 3985 specie
1224 3897 1464 3968 rudimentariis.
1493 3895 1573 3980 Spe·

295 4017 346 4066 rae
369 4019 509 4084 magnae,
532 4001 687 4088 globosae,
710 4007 931 4074 verruculosue.

757 4198 836 4278 (len.
864 4199 1078 4280 (linelidotue.

711 4325 781 4386 Pio.
804 4329 915 4388 Bruuv.
946 4329 1046 4390 Prodr.
1070 4348 1104 4390 ex
1127 4347 1155 4406 p.

297 4453 488 4522 Oiocle'dotus
512 4457 544 4521 et
568 4459 816 4544 Anoectoupium
838 4460 914 4526 Plu.
938 4461 1097 4528 Bnnnvois
1120 4462 1228 4529 Prodr.
1251 4461 1400 4546 eulog.

299 4560 545 4626 Tude-bostoeuom
567 4563 600 4628 et
622 4563 791 4650 Hcdroipe'o
814 4565 863 4648 (er
886 4567 998 4651 parte),
1020 4567 1165 4634 Huuwro.

297 4663 499 4750 Giudidotus,
524 4666 764 4748 decommum,
789 4669 1047 4755 Gpoeoostomam
1070 4669 1356 4756 (exparte)Bu1n
