3412 5244
286 292 350 364 Μ
828 295 1031 370 spumam

372 471 485 538 Fruct.
507 479 625 538 mator.
648 473 776 542 aaran.

373 583 498 644 Plantae
521 583 725 645 semiunciales
740 587 769 646 et
784 584 924 656 unciales,
946 584 1024 645 foliis
1039 583 1158 644 remotis
1174 583 1359 656 confertim,
1380 585 1447 660 plus
1468 586 1570 647 minus

287 670 442 746 elongatis,
464 671 619 731 latioribus
642 671 689 732 rel
712 672 933 749 angustioribus
954 669 1072 748 longius
1094 669 1246 732 breviusve
1269 673 1438 746 spiculatis3
1461 691 1570 748 capen-

285 759 332 817 lae
355 757 515 831 pediccllns
537 758 661 818 uncialis
684 760 714 819 et
737 759 892 818 biuncialis
914 760 1008 819 rarius
1031 758 1235 830 semiuncialis,
1256 759 1377 834 capsula
1399 762 1497 820 erecta
1519 761 1570 820 vel

285 843 392 904 leniter
424 843 576 919 obliquata
606 843 654 918 (T.
678 846 795 924 obliquo
817 847 921 906 Sermo.
949 847 979 904 in
1002 845 1093 918 litt),
1125 845 1493 922 snbeylindrico-olongata
1519 848 1571 907 vel

286 929 612 1006 abbreviato-elliptica,
629 932 795 1007 operculum
808 931 1118 1010 longumrostriforme
1135 932 1180 992 vel
1196 931 1282 992 breve
1295 933 1570 994 convexo-conicum

286 1018 431 1089 obtusum,
453 1017 615 1092 peristomii
638 1020 740 1080 dentes
762 1019 925 1096 longissimi
947 1020 1079 1080 siccitate
1102 1017 1332 1090 cirrata-reflexi,
1353 1017 1400 1080 vel
1420 1022 1570 1082 breviores

289 1105 355 1166 lare
378 1105 477 1165 reflari
500 1107 530 1165 et
552 1105 687 1166 subterti.

373 1192 450 1252 Loco
478 1192 597 1253 humido
628 1211 701 1269 rupe
730 1194 911 1269 prominente
933 1194 1068 1254 umbrato
1090 1211 1127 1252 m.
1152 1193 1264 1253 Gummi
1284 1194 1406 1254 formam
1427 1195 1570 1266 sterilem,

293 1277 428 1340 Wedcrcc
449 1281 559 1340 eccae
574 1281 604 1341 et
622 1280 761 1342 Timmice
775 1283 939 1360 ocepopolit.
963 1281 1147 1352 associatam,
1170 1281 1259 1342 dense
1281 1283 1476 1359 caespitosenr
1498 1299 1570 1342 ran·

286 1365 364 1426 libus
386 1365 592 1428 triundalibus
612 1368 680 1444 legi.

674 1561 708 1618 4.
735 1557 899 1628 ‘l'aploria
921 1559 1176 1630 Budclphiona.

602 1682 764 1742 Eremodon
787 1681 930 1756 Rudclpb.
954 1681 1035 1741 Nsns
1057 1684 1086 1742 et
1101 1683 1250 1742 Hoauson.

374 1811 506 1878 Densius
523 1813 706 1895 caespitem,
727 1813 892 1894 robustior,
917 1813 1004 1880 caule
1025 1812 1140 1896 pluries
1162 1811 1336 1880 dichotomo
1358 1819 1459 1880 erecto
1475 1815 1569 1897 stopa

287 1913 458 1983 radiculosa
487 1917 555 1983 rufa
581 1917 700 1983 obruto.
745 1917 834 1984 Folia
871 1917 1143 2002 erecto-patentia,
1180 1917 1569 2000 acuminato-spathnlota,

262 2027 265 2036 '
288 2021 446 2102 superiora
473 2022 538 2088 late
559 2024 723 2109 elongata,
756 2024 859 2090 subito
882 2023 1073 2101 amminata,
1105 2023 1193 2088 costa
1215 2023 1375 2089 excedente
1397 2021 1567 2104 apiculata,

246 2149 247 2154 ¹
288 2123 354 2189 solo
369 2123 454 2208 apice
473 2127 602 2206 senam,
625 2127 764 2212 margine
785 2127 907 2206 reflexa,
929 2127 1011 2192 laeto
1026 2125 1146 2205 viridia,
1161 2125 1270 2191 nitida.
1301 2125 1409 2191 Floras
1423 2123 1568 2202 monoici,

287 2228 417 2295 masculi
438 2230 470 2296 in
491 2229 621 2297 ramme
644 2230 787 2314 propriis.
814 2230 962 2315 Galyptra
983 2249 1105 2315 magna,
1129 2231 1227 2296 tomm
1250 2229 1313 2295 iere
1334 2229 1494 2312 capsulam
1509 2229 1568 2294 ob-

288 2334 412 2417 tegens,
444 2332 512 2400 basi
533 2334 681 2417 prorimde
702 2334 859 2402 laciniata.
905 2333 1037 2418 Oapsula
1058 2333 1091 2399 in
1113 2333 1260 2417 pedieello
1283 2333 1391 2400 stricto
1413 2333 1570 2398 crassius-

289 2437 357 2503 culo
380 2454 397 2502 e
420 2437 586 2505 stramineo
608 2440 737 2505 rubente
759 2439 856 2505 solido
877 2440 989 2518 erecta
1013 2438 1153 2523 oblonga,
1177 2438 1256 2504 collo
1271 2437 1419 2516 breviora,
1441 2437 1569 2522 pulchre

288 2539 383 2621 lutea,
405 2543 509 2609 aetate
530 2543 711 2624 rufo-lusca,
733 2543 814 2611 sicca
836 2544 1048 2627 deoperoulata
1069 2544 1126 2610 sub
1149 2562 1202 2610 ore
1224 2543 1437 2628 strangulatu
1467 2561 1569 2608 mem-

288 2644 384 2711 brana
406 2645 576 2729 capsularis
598 2648 801 2715 crassiuscula
824 2647 967 2726 coriacea,
989 2647 1109 2714 cellulis
1131 2647 1171 2712 od
1192 2646 1347 2712 orificium
1360 2645 1568 2729 pluriseriatis

289 2747 417 2814 minutio
440 2751 614 2818 transverse
636 2752 824 2837 angustatis,
846 2751 976 2818 metaris
991 2749 1340 2834 rotundato-hexagonis
1355 2747 1570 2814 commissuris
1685 2797 1686 2800 ,

289 2851 486 2920 seminalibus
501 2856 686 2922 transvmsis
702 2857 793 2939 paulo
807 2855 1020 2934 crassioribus,
1036 2855 1114 2920 unde
1129 2853 1255 2937 capsula
1270 2852 1472 2920 exsiccatione
1486 2852 1571 2919 haud
1685 2831 1686 2866 ¹

288 2954 493 3023 abbreviatur.
538 2959 723 3042 Operculum
744 2960 899 3038 conicum,
931 2960 1091 3026 mutinum.
1137 2955 1318 3024 Peristomii
1339 2956 1446 3023 dentes
1468 2957 1572 3024 linoa-

289 3058 352 3139 les,
374 3058 408 3125 in
428 3061 511 3128 linea
532 3061 694 3131 divisurali
716 3064 925 3144 dehiscentes,
947 3063 1131 3130 humiditate
1153 3060 1405 3140 erecto-incurvi,
1428 3061 1572 3129 siccitate

290 3162 409 3244 rederi,
440 3165 561 3233 luteoli.
605 3167 720 3251 Sporae
749 3167 885 3234 omnium
914 3167 1078 3246 minimae,
1110 3166 1290 3250 diaphauao.
1336 3166 1439 3250 Bryol
1462 3185 1571 3250 europ.
1685 3209 1686 3258 p

291 3265 362 3333 Vol.
383 3268 443 3348 111,
466 3270 542 3337 st.
558 3271 632 3338 287.

291 3387 472 3456 araeden
494 3367 739 3479 liudolpliaauc
761 3393 849 3460 Nuus
879 3395 913 3459 et
933 3393 1097 3459 Hennaea.
1119 3390 1224 3475 Brpol.
1247 3409 1345 3476 germ.
1369 3389 1417 3468 11,
1440 3389 1517 3456 sect
1538 3387 1572 3468 ²,

296 3597 449 3683 Toyloric
484 3600 712 3688 liudolpbicno
748 3603 806 3668 Be.
837 3604 869 3669 et
898 3601 971 3669 Sco.
999 3601 1105 3686 Bryol.
1136 3617 1201 3667 eur.
1231 3600 1253 3665 l.
1285 3619 1312 3666 c.
1372 3597 1406 3664 ll.
1435 3597 1574 3664 Munna

402 3701 531 3788 Synops.

380 3823 490 3891 Hali.
513 3826 546 3893 in
569 3827 684 3894 tmncis
706 3828 739 3896 et
761 3827 855 3894 ramis
877 3825 1063 3910 majoribus,
1096 3824 1226 3904 muscis,
1249 3822 1431 3906 praesertim
1454 3822 1574 3888 Leuco-

295 3927 386 3994 doce
408 3931 580 4014 eduroidc,
614 3929 746 3998 obtectis
768 3933 881 3998 alceris
898 3929 1145 4017 pseudoplctoni
1168 3945 1253 3994 secus
1275 3926 1358 3993 vim
1379 3927 1411 3991 in
1434 3924 1575 3992 fiscibus

294 4049 386 4114 prope
408 4052 522 4118 pagum
553 4035 761 4101 coemere
791 4035 831 4102 ed
857 4034 967 4119 jugum
989 4031 1329 4099 Rcdetcdter-Touera
1352 4027 1574 4114 Salisburgiue,
1685 4111 1686 4124 ἵ

294 4135 347 4200 ubi
368 4135 409 4202 cl.
425 4137 590 4203 Bubonem
610 4137 729 4204 dammi
749 4139 782 4204 et
804 4137 869 4222 ipse
891 4135 1094 4221 pulcherrime
1116 4135 1188 4220 legi,
1211 4133 1243 4202 in
1266 4137 1376 4200 trunco
1392 4133 1469 4218 Pagi
1484 4152 1572 4199 mns-
1685 4127 1686 4138 ’

294 4255 364 4306 cose
386 4239 426 4305 ad
446 4258 488 4305 m.
505 4233 719 4307 Ddrrmstcin
741 4241 888 4309 Austriae
910 4259 1010 4324 super.
1033 4257 1123 4324 paroc
1145 4238 1262 4322 reperi;
1285 4237 1441 4304 coeterum
1464 4255 1576 4304 nnme-

294 4343 374 4409 rosis
389 4343 605 4426 speciminibus
621 4345 749 4413 missam
764 4347 860 4414 babeo
883 4347 922 4414 ab
944 4345 1052 4412 amicis
1068 4344 1105 4411 0.
1122 4343 1287 4410 Sororum
1310 4343 1342 4408 et
1364 4341 1419 4406 Fa
1430 4341 1574 4419 Aeuom,

295 4446 348 4530 qni
370 4448 498 4532 stirpem
521 4450 757 4533 pulcherrimam
772 4451 965 4520 rarissimam
980 4450 1013 4515 in
1027 4448 1158 4532 Alpibus
1175 4445 1326 4513 bavaricis
1343 4445 1481 4530 pluribus
1495 4445 1574 4510 locis

294 4551 451 4637 legerunt:
474 4553 506 4620 in
527 4554 677 4640 Algovios
693 4555 1070 4642 Spielmomaeoucr-Thci
1092 4555 1125 4620 et
1145 4553 1178 4617 in
1193 4549 1574 4634 Hammerebucber-Alpe

297 4674 389 4747 prope
414 4658 584 4728 sarmacia
606 4659 810 4750 (Surorum),
831 4659 866 4726 in
887 4679 931 4728 m.
949 4659 1111 4745 Oeetcrclp
1132 4673 1227 4742 prope
1241 4654 1500 4736 Penestarum,
1522 4651 1575 4720 nbi
