3428 5224
270 275 314 343 26
815 275 1002 332 Brucbiaocae.

357 459 455 518 Cauiis
471 461 637 534 pleramque
660 458 791 533 simplex,
815 475 880 518 raro
902 459 947 518 bi·
971 459 1139 533 tripartitus
1164 459 1209 518 vel
1231 459 1549 518 innovando-ramosus

270 544 426 604 invenitur.
464 546 608 606 Foliorum
623 548 705 605 costa
720 547 858 620 depressa
880 564 970 620 usque
990 547 1028 604 ad
1044 545 1260 605 extremitatem
1275 544 1397 604 subulae
1413 545 1444 602 iu
1460 563 1549 620 quam

270 630 341 690 folia
363 633 558 692 attenuantur
580 636 610 692 et
633 649 719 707 quam
742 636 837 691 totam
859 631 918 691 iere
951 635 1076 707 occupat
1098 633 1231 706 procedit
1253 633 1304 690 sed
1327 649 1476 706 uunquam
1500 651 1549 691 ex·

270 719 362 789 cedit3
384 720 462 778 color
484 719 619 780 foliorum
642 739 657 778 e
679 718 760 778 luteo
783 719 884 779 viridis
907 723 961 791 est,
985 720 1014 778 in
1037 719 1251 779 humidioribus
1273 718 1398 790 luridus;
1428 719 1549 792 plautae

270 806 432 866 exsiccatae
456 807 485 866 lu
509 807 652 867 Herbario
674 807 842 866 asservatae
864 807 1020 865 latescunt.

358 893 505 953 Hnnurou
526 895 634 954 Places.
656 891 822 952 mustum
844 891 959 969 (stirp.)
990 894 1027 952 ad
1051 894 1153 952 Pleur.
1176 891 1386 962 oltmrisolium
1417 895 1549 950 uestrum

270 979 398 1054 pertinet
427 999 480 1040 uec
507 981 546 1039 ad
567 981 625 1039 Pla.
647 977 814 1039 seruatum
836 981 867 1039 L.
890 982 924 1039 ut
946 980 1019 1039 false
1050 980 1079 1038 iu
1110 980 1274 1054 Brpolopio
1303 997 1447 1052 muruco
1473 979 1551 1038 indi·

271 1083 409 1126 ravimus.

423 1304 459 1368 B.
504 1303 645 1368 Flores
667 1301 837 1366 masculi
857 1299 1160 1384 pomereisormes,
1183 1300 1394 1364 cultiores.

525 1531 531 1550 .-
628 1501 658 1557 θ.
695 1498 914 1559 Pleminium
937 1498 1197 1555 altemirolium.

714 1639 766 1696 Ba.
789 1641 819 1697 et
842 1639 908 1697 Sca.
932 1639 1028 1714 Bryel.
1052 1658 1111 1698 eur.

357 1787 489 1852 Plantae
504 1786 754 1870 caespitulautes‚
775 1807 892 1852 annuae
908 1789 1025 1852 erectae
1041 1786 1195 1869 simplices
1212 1785 1297 1852 3-6
1314 1787 1435 1852 millim.
1452 1788 1547 1865 altae,

268 1891 393 1957 biennes
416 1893 573 1974 postratao
597 1911 746 1969 ramosae,
770 1891 978 1975 llagellilerae,
1008 1890 1131 1957 centim.
1159 1891 1173 1954 l
1199 1892 1309 1976 longae
1331 1893 1363 1955 et
1385 1891 1549 1976 longiores.

274 1995 363 2061 Folia
384 1995 516 2062 comalio
538 1995 680 2079 longiora
702 2014 794 2079 quem
818 1995 848 2060 iu
871 1995 1070 2078 praecedente
1099 2015 1115 2060 e
1142 1995 1208 2060 basi
1238 1994 1349 2060 latiore
1371 1995 1473 2060 subito
1495 2017 1551 2061 au·

271 2102 398 2184 gustata
421 2103 514 2182 alque
536 2099 834 2176 seleseo-subulam,
865 2100 975 2165 subula
1005 2101 1072 2164 tota
1101 2101 1188 2164 costa
1212 2099 1382 2164 robustiore
1405 2104 1551 2182 occupatu

273 2203 410 2287 rigidior,
433 2203 526 2268 lusca.
572 2203 677 2268 Florus
702 2203 828 2268 masculi
860 2201 1103 2286 gemmiferum,
1132 2201 1287 2266 ancillares.
1334 2202 1468 2284 Capsule
1497 2204 1549 2269 illa

271 2305 480 2390 praecedentis
515 2306 624 2388 speciei
657 2305 768 2388 major.
808 2309 915 2383 ovata,
953 2305 1130 2388 suboblique
1162 2305 1355 2380 acuminata,
1387 2307 1550 2374 ruleseeus.

275 2409 425 2494 Calyptra
446 2407 566 2493 longior
588 2408 669 2474 iufra
691 2408 823 2474 mediam
847 2409 1006 2492 capsulam
1028 2409 1185 2492 preducta.
1223 2409 1330 2493 Bryel.
1353 2429 1416 2476 eur.
1441 2411 1509 2476 Vol.
1525 2411 1551 2488 Ι,

273 2514 348 2580 Tab.
375 2512 424 2578 l0.

275 2637 476 2704 Plueridium
505 2635 736 2718 alternifolium
763 2634 896 2716 (Barnun
922 2654 958 2699 ex
987 2635 1110 2718 portel)
1137 2633 1235 2698 Bncu.
1265 2634 1297 2698 ot
1325 2633 1416 2699 Scan.
1444 2635 1552 2719 Bryol.

274 2757 682 2926 Ptaeellforllltemlfurum
706 2843 825 2908 llunur.
848 2841 879 2907 in
902 2842 1010 2908 Sanun
1034 2843 1191 2908 Deutsehl.
1215 2841 1263 2906 nl.

274 2945 432 3013 Piraeeum
454 2947 633 3012 erebrclotum
656 2947 767 3012 Hnuw.
792 2947 886 3029 Stirp.
909 2947 984 3012 Tab.
1008 2945 1139 3011 XXXV.

318 3051 365 3116 Dr
387 3050 507 3116 Ncruu.
531 3050 608 3134 Syll.
632 3053 664 3116 et
687 3051 766 3132 Epil.
813 3050 937 3114 Hauru.
962 3049 1074 3115 Skaud.
1097 3049 1143 3116 ul.
1190 3049 1320 3115 ll'rusun
1344 3047 1448 3133 Bryol.
1471 3049 1552 3116 Brit.

272 3160 436 3230 Aeternum
459 3154 686 3238 alteruisolium
710 3155 833 3231 Hamus,
858 3152 891 3220 Ο.
915 3153 1050 3219 Mdnunu
1072 3153 1201 3236 Syuops

359 3277 464 3361 Longe
495 3295 564 3342 curm
588 3275 745 3342 Dicksouii
769 3275 892 3340 Plrusco
928 3274 1139 3357 alternifolr'o,
1172 3275 1326 3338 Archidio
1356 3274 1551 3357 alternifob'o

271 3384 381 3448 nostro
403 3383 636 3458 commutatum,
658 3379 736 3444 uude
760 3399 867 3444 ruomeu
892 3379 1063 3461 specificam
1088 3377 1327 3460 ulterarisolium,
1349 3377 1387 3442 ob
1411 3379 1553 3443 loliorum

273 3486 304 3550 iu
327 3484 460 3568 flagellis
484 3484 642 3565 utriusque
665 3481 775 3564 speciei
798 3483 944 3548 distincte
965 3482 1170 3548 alternantem
1194 3480 1433 3563 dispositionem.

361 3605 470 3671 Hoblt.
495 3605 625 3670 interra
642 3602 1000 3686 argilloso-areneceaet
1022 3601 1144 3667 omniuo
1166 3601 1324 3684 argillosa,
1347 3599 1424 3666 locis
1448 3603 1552 3668 bumi-

271 3711 405 3777 dioribus
422 3729 475 3792 per
489 3727 624 3790 campos,
647 3727 781 3785 nemora,
804 3711 895 3790 prata
918 3706 1014 3772 totius
1038 3725 1129 3772 zonae
1145 3707 1344 3788 temperatae,
1366 3707 1553 3789 septentrio·

271 3815 352 3881 nalis
375 3834 429 3897 pro
452 3815 549 3896 parte.
596 3812 757 3896 copiosius
782 3813 887 3878 forsan
909 3831 1002 3894 quam
1025 3811 1140 3894 species
1163 3809 1357 3893 praecedens.

360 3934 468 3999 Fruct.
492 3941 609 4000 erratur.
654 3933 757 4000 lunio.

360 4059 718 4122 Dillorta1¹l.subuluto
742 4079 884 4136 cumque
910 4062 997 4136 uulgo
1021 4063 1225 4131 commutatur,
1248 4062 1417 4136 caespitulis
1440 4079 1553 4136 seraper

273 4149 512 4220 tumescentibus,
536 4148 646 4224 plantis
667 4149 870 4208 annosioribus
884 4149 1040 4222 prostratis
1064 4146 1253 4224 llagolliferis,
1277 4149 1354 4207 loliis
1377 4149 1441 4208 basi
1464 4149 1552 4208 latio·

273 4237 362 4306 ribus,
391 4239 473 4295 cesta
497 4235 616 4296 lortiore
640 4239 733 4294 totam
761 4235 895 4294 stabulum
923 4239 1040 4294 tenente
1064 4235 1233 4305 instructis,
1263 4235 1384 4295 floribus
1415 4237 1552 4295 masculis

273 4323 446 4384 arillaribus
467 4323 724 4399 gemmiionulbus,
747 4323 867 4398 capsula
890 4323 1009 4397 majore,
1033 4327 1130 4394 ovate,
1153 4321 1259 4381 rosula.
