3208 5214
595 243 765 301 Weisiacoae.

67 441 227 506 literanum
250 441 415 506 rouretum
436 439 563 524 (Basra)
585 438 644 502 Ba.
667 438 700 503 et
722 437 795 503 Son.
818 433 922 517 Bryol.
946 452 1009 499 eur.
1032 433 1054 498 l.
1077 449 1104 498 a.

67 545 227 610 llicrouam
249 544 479 609 Drmamoadii
501 542 534 609 C.
550 543 685 608 Muenna
707 542 836 625 Synops.
860 539 1007 621 exparte.

139 665 240 729 liubit.
263 667 295 730 in
320 664 480 748 sylvaticis
501 663 646 741 numidia,
668 681 761 744 prope
777 659 997 726 Christianiam
1012 657 1196 742 Norvegiae,
1218 657 1271 723 ubi
1286 657 1324 724 cl.

68 770 154 834 Burrr
174 768 286 834 detexit
316 769 350 834 et
373 769 436 850 ipse
458 767 659 850 pulcherrime
687 765 769 850 legi;
803 766 834 830 in
864 763 1018 832 destricia
1047 781 1141 846 prope
1163 762 1325 829 Geraliam

71 873 236 955 (Harmas),
260 872 294 936 in
318 872 479 954 Lapponia
501 870 621 936 Pitensi
643 870 841 952 (Lrunnnne).

144 975 238 1039 Feret.
262 982 385 1039 macor.
408 974 446 1040 ad
459 973 600 1040 aestatis
623 973 725 1039 finem.

143 1087 350 1160 Speciosissinra
375 1087 492 1162 generis
514 1086 626 1160 species
649 1086 781 1146 Diorouo
803 1085 905 1158 sperio
927 1083 1066 1157 proxima.

427 1263 478 1319 26.
513 1261 703 1318 Diaconum
725 1258 943 1315 undulatam.

535 1381 609 1441 Vorr
633 1382 722 1440 Musc.
746 1381 834 1438 Herb.

141 1510 261 1578 Plantae
283 1513 490 1595 procerrimae
514 1515 544 1578 in
567 1512 717 1594 caespites
740 1512 802 1578 late
824 1513 964 1577 extensos
981 1511 1144 1594 congestae
1167 1527 1223 1576 nec
1244 1508 1327 1574 inter

74 1632 99 1674 se
115 1616 302 1699 cohaerentes,
325 1619 469 1682 tomento
491 1617 582 1700 longo
605 1617 744 1695 obrutae,
767 1615 846 1680 unde
861 1614 1070 1679 crasaioaules.
1115 1613 1201 1678 Folia
1217 1631 1327 1694 squar·

77 1720 240 1801 rosepatula
260 1723 292 1786 ct
316 1722 469 1799 monada,
499 1721 677 1787 terminalia
698 1720 860 1787 convoluta
882 1717 1174 1797 secundo-falcata,
1203 1717 1326 1800 juniora

73 1819 136 1885 lacte
154 1823 267 1900 viridia,
291 1826 419 1891 seniora
441 1825 556 1908 pallide
576 1823 797 1902 fusocsceutia,
825 1843 859 1888 ex
883 1821 1016 1906 oblonga
1038 1823 1071 1887 et
1093 1821 1238 1906 elongata
1260 1819 1327 1886 basi

72 1927 179 2006 auguste
203 1928 535 2007 lineali-lanceolata,
568 1928 776 2005 decurrentia,
808 1926 898 1992 valde
928 1925 1095 2004 uundulata,
1127 1923 1326 2002 nitidissima,

73 2029 187 2110 margine
206 2035 312 2116 argute
329 2035 464 2110 serrata,
488 2035 574 2099 costa
596 2034 729 2117 augusta
750 2031 845 2112 tonui,
868 2031 957 2095 dorso
978 2030 1168 2095 bilamellato
1183 2029 1328 2112 prounde

75 2137 188 2218 enam,
213 2141 276 2202 rete
298 2137 470 2219 pallidum,
501 2139 610 2215 molle,
642 2120 855 2201 laxinsonluni.
901 2134 1031 2200 Fructus
1058 2152 1095 2198 ex
1117 2133 1224 2198 eodem
1247 2131 1328 2214 peri·

73 2233 169 2300 cinctio
188 2243 378 2324 compluree;
401 2241 525 2323 capsula
546 2241 578 2304 in
600 2240 746 2323 pedicello
768 2239 884 2322 pallide
907 2257 1016 2304 carneo
1035 2238 1169 2322 oblonga
1189 2239 1223 2304 et
1242 2237 1328 2302 elon·

73 2341 301 2424 psalmifice
324 2348 476 2422 arcuata,
499 2346 635 2423 fnlvella,
658 2344 793 2427 operculi
813 2345 916 2409 rostro
938 2343 1025 2408 tonui
1048 2340 1239 2408 subuliiormi
1261 2340 1330 2422 pal·

73 2441 132 2520 lide,
151 2449 321 2526 peristomio
345 2450 595 2531 atro-purpureo.
639 2448 743 2531 Bryol.
767 2467 831 2514 eur.
853 2448 923 2513 Vol.
947 2448 973 2525 l,
996 2447 1072 2514 Tab.
1095 2445 1149 2523 82,
1172 2442 1225 2510 83.

74 2543 226 2613 Illeruuam
238 2553 433 2637 polysetom,
457 2550 586 2616 surcrrlis
608 2551 718 2616 erectis
741 2551 881 2629 ramosis,
904 2551 986 2616 foliis
1008 2549 1153 2616 confertis
1175 2548 1331 2614 lanceola-

160 2655 196 2719 tis
231 2657 422 2722 acuminatis
459 2656 558 2738 planis
587 2655 744 2721 undulatis
776 2655 991 2734 subsecundis,
1028 2656 1104 2721 setis
1141 2652 1329 2738 adgregatis.

159 2758 280 2826 Surena
304 2761 407 2825 Maso.
432 2759 516 2825 Saea.
540 2760 615 2825 Tab.
632 2760 691 2825 lll.

107 2857 273 2928 &sunnon
307 2863 419 2946 Suppl.
467 2865 526 2928 Ba.
559 2865 591 2928 et
621 2863 695 2929 Son.
728 2864 833 2946 Bryol.
864 2881 926 2928 eur.
980 2860 1013 2926 C.
1037 2861 1171 2925 Muenna
1201 2859 1330 2943 Synops.

159 2965 279 3032 Henna.
304 2966 422 3033 Skand.
445 2966 492 3032 Fl.
537 2968 587 3032 Da
609 2967 728 3032 Nocere.
754 2965 872 3049 Syllab.
892 2967 924 3030 et
947 2963 1028 3047 Epil.

77 3061 228 3133 berceram
251 3091 410 3155 rugosam
432 3071 523 3136 Baro.
546 3071 652 3153 Bryol.
675 3071 757 3135 univ.
809 3085 825 3116 '-

143 3173 242 3240 Hodit.
265 3177 298 3240 in
323 3173 461 3240 humidis
485 3174 635 3239 umbrosis
658 3175 722 3239 tarn
747 3173 903 3257 sylvarum
925 3191 1017 3255 quam
1032 3171 1166 3236 locorum
1182 3169 1333 3236 turrano-

74 3287 126 3338 run
155 3295 204 3358 per
234 3279 396 3364 regionem
430 3279 634 3359 campestrem
666 3279 758 3360 atque
789 3279 965 3342 montanam
988 3276 1086 3340 totius
1109 3276 1170 3340 iere
1192 3274 1334 3356 Europae

75 3377 190 3459 algam
211 3383 310 3447 etiam
335 3381 367 3446 in
392 3381 537 3446 America
560 3383 637 3464 sept.
660 3381 743 3447 haud
764 3399 834 3446 raro
856 3379 1005 3463 prouenit,
1028 3379 1059 3443 in
1083 3377 1247 3444 Britannia
1261 3395 1333 3442 oon·

73 3483 112 3544 tra
130 3481 324 3551 desideratur.

143 3587 243 3654 Fruct.
267 3598 389 3656 mator.
413 3589 569 3654 mensibus
592 3589 671 3654 Julii
694 3590 786 3672 atque
808 3588 952 3674 Augusti.

143 3699 258 3763 Plantae
282 3703 389 3762 uncias
414 3703 520 3760 2—12
545 3701 623 3759 altae
647 3701 840 3775 reperiuntur,
862 3702 978 3760 omuino
1001 3701 1113 3759 erectae
1137 3698 1182 3758 vel
1205 3697 1269 3756 basi
1284 3697 1334 3755 de·

74 3785 231 3860 ‘'luteumm
263 3791 339 3888 folia
363 3789 467 3864 patula
491 3787 537 3848 uel
560 3787 707 3860 secunda,
730 3805 821 3862 usque
844 3805 945 3846 versus
967 3786 1051 3846 basin
1075 3785 1159 3844 valde
1182 3783 1334 3856 undulata,

75 3885 125 3926 mm
142 3877 335 4022 Ιιὲιέεὶξίἶῖῗε
355 3963 543 4038 polycarpis,
577 3962 656 4022 loliis
678 3961 860 4036 longioribus
883 3961 978 4036 magis
1000 3959 1151 4019 undulatis
1172 3957 1334 4030 habituque

74 4041 213 4190 dddffm
237 4051 411 4110 aDicrouo
430 4051 568 4124 palustri,
592 4049 754 4123 Anglornm
776 4049 900 4108 Dr'croa
923 4047 1072 4116 oadrdoto,
1095 4046 1168 4104 satie
1191 4060 1335 4118 superque

445 4249 609 4332 Species
630 4250 812 4314 incertae
833 4247 947 4312 sedis.

461 4379 511 4436 2¹1.
541 4377 730 4436 Dion-anum
751 4381 937 4445 comptum

145 4485 228 4556 lolia
266 4490 544 4557 hamato-secunda
574 4491 729 4576 eleganter
757 4491 894 4572 compta,
932 4483 1231 4554 fuluo-luscescentia
1260 4485 1339 4549 inle-

21 4637 26 4650 .
73 4583 140 4650 ricla
171 4591 278 4671 meaa,
310 4594 427 4671 nitida,
457 4593 573 4675 solida,
598 4613 615 4660 e
637 4593 704 4660 basi
728 4593 960 4676 evoli-oblonga
982 4591 1030 4656 vel
1052 4587 1225 4654 lanceolata
1247 4587 1340 4652 valde

116 4699 240 4752 sturme,
255 4705 370 4756 sniapes.
395 4707 478 4748 numu.
1130 4691 1146 4745 ‘1
