3358 5254
316 333 380 400 704
868 328 1035 401 liram.

317 507 407 590 rupte
429 506 550 573 minora
572 509 604 573 et
626 505 744 590 majora
765 505 866 571 laxius
897 505 1080 588 densiusque
1108 505 1264 583 eonserla,
1297 523 1417 571 sursum
1446 506 1569 577 seruata

315 611 414 677 altera
436 613 568 696 anguste
590 611 784 689 lanceolata,
806 609 906 676 altera
927 609 1267 694 oblongo-lanmolata,
1301 611 1426 692 unaque
1445 611 1526 694 longe
1543 613 1569 676 et

315 715 449 781 tenuiter
471 715 664 794 acuminata,
698 713 765 780 basi
787 715 889 780 nostae
911 714 977 780 loco
1000 713 1161 792 histriata,
1184 713 1269 797 apina
1291 715 1407 779 remote
1429 713 1570 790 serrulam,

315 838 419 885 ramea
441 820 473 885 et
493 818 648 884 ramulina
669 817 799 884 caulinis
815 816 982 902 majoribus
997 817 1122 897 similia,
1143 817 1464 900 squamoso-secunda,
1484 817 1569 882 omnir

315 923 432 990 mediae
454 922 596 989 nitentia.
641 922 747 988 ulo-es
781 922 819 990 ad
849 922 1082 988 innovationem
1113 923 1159 988 vel
1191 939 1346 988 ramorum
1373 921 1569 988 annotiuorum

315 1027 421 1106 basin,
459 1026 582 1092 feminei
619 1026 771 1104 solitarii,
809 1025 939 1091 maseuli
976 1025 1139 1109 adgregati
1176 1025 1307 1090 minimi.
1364 1025 1569 1090 Perialmetium

317 1131 619 1214 18-22-phyllum,
642 1131 711 1197 laxe
732 1130 900 1214 vaginam,
923 1130 1064 1196 foliorum
1088 1129 1172 1211 apiae
1194 1130 1357 1194 attenuato
1379 1147 1502 1194 recurvo
1521 1129 1571 1192 dis·

314 1235 412 1302 tinote
443 1236 570 1302 serrato.
616 1233 764 1318 Calyptra
794 1235 1004 1302 subtubulosa.
1050 1233 1184 1318 Capsula
1215 1233 1249 1298 in
1282 1233 1433 1315 pedioello
1462 1251 1571 1315 superne

313 1341 378 1406 late
400 1341 525 1405 manate
548 1357 659 1406 cernua
681 1341 713 1404 et
737 1338 955 1416 tormentalis,
979 1358 995 1404 e
1017 1338 1096 1404 eollo
1119 1337 1266 1404 distinete
1288 1336 1573 1422 oblongo-eylindra

313 1463 366 1512 eea
388 1443 524 1521 inarrrva,
547 1461 563 1508 e
586 1443 671 1509 luteo
693 1442 866 1508 fuseesoens
889 1443 1012 1510 tandem
1037 1441 1301 1517 iusso-amantia,
1324 1442 1409 1508 siena
1431 1439 1574 1524 augustior

313 1547 418 1613 exaete
440 1545 752 1631 arcuato-cylindriua
774 1546 831 1612 sub
855 1565 906 1611 ore
928 1545 1076 1631 ampliato
1099 1547 1210 1611 leniter
1231 1547 1424 1630 angustata,
1446 1545 1574 1628 padiaello

313 1651 452 1718 siccitate
484 1650 573 1716 valde
604 1651 705 1729 torto,
742 1649 855 1717 annulo
892 1649 1026 1733 simplici
1062 1650 1203 1733 angusto.
1248 1647 1435 1733 operantum
1470 1647 1574 1714 mnino

313 1755 505 1834 mamillare,
527 1755 679 1820 obtusum.
724 1753 901 1820 Peristomii
923 1753 1029 1820 dentes
1050 1753 1225 1832 latiusauli,
1255 1753 1383 1836 pallidi,
1414 1753 1575 1819 teneamur

313 1858 463 1938 striolati,
486 1857 571 1941 apice
592 1857 730 1943 hyalini3
753 1856 865 1924 interni
889 1857 997 1941 pallidi
1021 1858 1196 1924 membrana
1211 1857 1249 1924 ad
1264 1857 1384 1922 medios
1399 1858 1505 1924 denter
1518 1875 1575 1940 pro

312 1965 415 2040 ducta,
438 1962 547 2028 dehinc
571 1961 602 2026 in
625 1980 782 2045 processus
804 1961 1018 2044 imperforatos
1041 1963 1130 2045 inque
1151 1961 1255 2028 ciliola
1277 1962 1404 2028 binata·
1423 1965 1456 2028 et
1470 1965 1575 2026 menate

312 2067 425 2134 nodosa
448 2065 558 2130 soluta.
604 2065 709 2148 Bryol.
733 2083 794 2129 eur.
818 2063 886 2131 Vol.
904 2063 942 2142 V,
965 2063 1039 2130 Tab.
1055 2063 1130 2129 500.

313 2190 467 2276 Hypatam
498 2188 676 2254 evaeorum
705 2186 852 2272 (Sarrana
880 2189 967 2274 mst.)
996 2187 1080 2253 loliis
1106 2187 1198 2263 laris,
1236 2186 1575 2258 lanceolata-subulam,

420 2290 560 2374 margine
582 2289 700 2373 planis,
724 2290 899 2369 remeatis,
920 2291 989 2356 basi
1011 2291 1146 2356 obsoleta
1168 2290 1330 2368 tinerviis,
1354 2291 1576 2374 patentissinm,

422 2395 573 2478 supremis
602 2393 871 2470 subhomomallis;
910 2393 1074 2479 sporangio
1104 2394 1371 2478 subaylindraoem
1410 2395 1576 2462 sutaernuo:

421 2499 561 2582 operculo
584 2497 700 2576 eonion,
723 2496 818 2564 brevi.
864 2497 954 2564 Wns.
977 2500 1008 2564 et
1029 2498 1128 2564 Mona
1149 2499 1220 2564 Bot
1244 2498 1420 2566 Tarabenb.
1444 2518 1473 2583 p.
1496 2495 1559 2564 343.

356 2604 431 2669 Pau.
455 2603 573 2672 Brauv.
596 2602 689 2668 aeth.
710 2621 740 2685 p.
766 2601 817 2667 70.
847 2601 1030 2670 acroama.
1055 2601 1160 2688 Suppl.
1185 2605 1209 2682 1,
1232 2602 1269 2668 P.
1293 2603 1336 2668 11.
1368 2603 1465 2670 Bam.
1488 2600 1576 2686 Brpnl.

421 2707 502 2773 univ.
547 2707 596 2772 Da
616 2705 756 2772 Norasne
779 2705 856 2790 Syll.
902 2707 1032 2774 Wrusou
1055 2707 1160 2792 Bryol.
1183 2707 1263 2772 Brit.

312 2811 466 2897 Hypatam
489 2831 600 2896 repens
622 2810 759 2878 Pounmn
781 2811 868 2877 Hist.
893 2812 990 2896 plant.
1014 2811 1148 2878 Palatiu.
1172 2813 1296 2898 (ΗΠ),
1318 2814 1404 2880 teste
1428 2813 1532 2877 Luam

312 2913 556 2999 Plopiotteeium
579 2915 758 2982 eilesiacm
780 2915 839 2981 Ba.
862 2918 894 2981 et
917 2914 989 2982 Seu.
1013 2917 1118 3000 Bryol.
1141 2935 1205 2982 eur.
1227 2917 1249 2983 l.
1272 2935 1299 2982 a
1348 2917 1399 2982 Da
1415 2917 1494 2982 Nor.
1510 2911 1575 2994 epil

420 3019 546 3085 Hasru.
570 3018 684 3086 Skand.
708 3019 755 3084 Fl.
779 3021 827 3086 ed.
853 3020 901 3085 10.

311 3122 430 3188 Leston
453 3123 584 3208 δαίμονι·
605 3122 696 3188 Bam.
719 3123 819 3189 Musa.
843 3123 968 3190 Reeent.
992 3125 1033 3203 Π,
1057 3124 1094 3190 P.
1117 3125 1159 3203 ll,
1182 3144 1213 3207 p.
1236 3125 1288 3192 tr.

310 3224 466 3310 Hypatam
489 3226 620 3310 Selipert
642 3225 676 3291 (l.
700 3225 836 3292 Merrae
855 3227 983 3311 Synops.

397 3347 505 3412 Hatit.
529 3347 568 3414 ad
589 3349 715 3414 tranans
737 3346 876 3430 putridos
891 3349 1049 3432 sylvarum
1063 3349 1243 3431 praesertim
1260 3351 1482 3416 montosarum
1496 3347 1577 3414 totius

308 3450 458 3533 Europae,
481 3452 580 3518 rarius
601 3451 641 3519 ad
659 3471 748 3535 rupes
764 3452 901 3529 silieeas3
924 3453 1084 3538 praecipue
1106 3455 1137 3520 in
1160 3455 1256 3538 sylvis
1279 3455 1420 3521 saerosis
1442 3453 1576 3538 provenit

308 3551 359 3619 hia
380 3553 446 3620 illio
467 3556 507 3622 ad
529 3553 645 3622 Salices
668 3557 878 3638 putrescentes
901 3556 1052 3642 planitiei.

397 3656 506 3724 Fruar.
529 3665 645 3724 matur.
669 3660 797 3726 aestate.

396 3768 504 3828 Planta
527 3768 631 3829 habitu
655 3771 886 3846 distinctissime,
909 3792 973 3834 curn
997 3775 1077 3836 nulla
1100 3775 1160 3835 alia
1182 3776 1299 3852 generis
1321 3776 1538 3836 commutanda

396 3855 495 3933 Hypo.
512 3853 634 3933 Setiam
649 3859 732 3918 Baro.
750 3861 841 3920 liant.
865 3863 894 3920 et
918 3862 1000 3936 Sper.
1017 3863 1106 3922 Musa.
1128 3881 1186 3922 non
1209 3865 1247 3922 ad
1271 3863 1347 3922 hano
1370 3867 1502 3938 speciem
1517 3861 1576 3918 rel·-

308 3941 426 4000 rendum
451 3945 505 4014 est,
527 3943 578 4001 sed
599 3944 638 4002 ad
660 3945 834 4025 Anablyatep.
856 3948 1006 4027 (temnite,
1029 3949 1075 4010 eni
1094 3951 1156 4025 jam
1179 3955 1281 4010 auctor
1303 3950 1367 4026 ipse
1393 3951 1536 4026 adjunxit

706 4147 785 4226 Gen.
813 4151 844 4227 2.
898 4149 1179 4252 Amblystaginm.

807 4296 873 4355 Sca
896 4295 994 4372 Brynl.
1018 4313 1077 4356 aar.

392 4437 492 4506 Musei
514 4437 635 4505 minimi
667 4440 700 4506 et
722 4440 926 4524 proceriores,
948 4445 1106 4525 repentes,
1128 4461 1207 4528 vage
1229 4442 1345 4510 ramosi
1368 4445 1406 4510 et
1428 4439 1575 4511 mulsei.
1657 4399 1658 4422 ἶ

305 4559 341 4607 ex
363 4541 449 4628 apice
472 4543 568 4610 naulis
591 4543 730 4627 primarii
753 4547 785 4610 et
816 4565 833 4613 e
863 4547 959 4613 ramis
987 4548 1184 4626 innovantes,
1213 4565 1369 4630 nunquam
1403 4545 1574 4615 atalaniler'u

305 4647 393 4715 [lolia
415 4646 637 4728 5-8-stieha,
660 4649 799 4731 patentia
820 4652 853 4716 et
875 4651 1080 4732 subsecanda,
1102 4649 1275 4718 lanoeolata
1297 4655 1330 4717 et
1350 4653 1576 4720 ovato-lanaeu-
