3188 5230
568 290 789 348 Fissidentoooes

421 479 468 536 18.
498 475 671 533 Pissidens
692 474 935 545 polyphyllns.

568 599 659 658 wne.
681 599 713 657 iu
734 598 792 657 litt.

140 711 234 778 Gauiis
255 713 358 778 elatus
380 713 412 778 et
432 711 631 797 longissimus
654 711 734 778 haud
756 731 825 778 raro
848 708 976 793 pedalis,
1000 708 1131 792 simplex
1156 707 1205 773 vel
1225 725 1315 790 parce

73 835 195 894 amusos,
214 816 604 882 tomentoso-radicnlosus.
642 816 732 882 Folia
753 814 899 895 conferta,
921 813 1188 896 erecto-patentia,
1211 811 1316 894 expla-

76 923 134 985 nate
149 920 190 986 rel
203 921 343 996 secunda,
367 920 505 987 siccitate
519 920 605 1003 apios
619 918 808 999 subtortdia,
831 917 1174 1004 elongato-lanceolata,
1197 916 1236 982 ad
1250 935 1316 981 me-

76 1025 140 1088 dion
156 1027 183 1090 et
202 1025 283 1090 nitra
304 1024 533 1108 conduplicata,
558 1023 641 1090 haud
670 1024 819 1102 limbata,
848 1041 968 1089 summo
990 1021 1075 1105 apice
1103 1019 1222 1087 minuto
1249 1037 1315 1086 oro·

76 1128 171 1207 nolam,
195 1129 280 1194 costa
301 1148 366 1194 non
387 1128 563 1206 excedente,
586 1128 703 1195 lamina
723 1126 864 1194 verticali
885 1126 974 1192 basin
994 1145 1101 1192 sersus
1125 1124 1239 1191 sensim
1261 1143 1317 1190 an-

75 1234 175 1314 prou
193 1232 273 1298 haud
293 1233 483 1298 decurrente.
526 1232 633 1298 liores
654 1230 804 1310 masculi,
832 1230 891 1296 soli
914 1229 1001 1310 noti,
1023 1229 1188 1307 exiliores,
1210 1247 1317 1294 numo

74 1333 129 1412 rosi,
148 1335 326 1414 subsessiles,
348 1335 520 1420 gemmulas
543 1335 704 1420 8-phyllas
727 1335 881 1414 sistentes,
903 1333 986 1399 loliis
1008 1332 1244 1399 involucralibus
1266 1351 1317 1398 er·

75 1438 149 1502 ternis
169 1439 330 1505 minoribns
354 1438 565 1522 simplicibus,
595 1439 726 1506 internis
755 1440 821 1506 solo
851 1438 935 1522 apice
958 1437 1078 1504 lamine
1100 1435 1240 1503 verticali
1261 1455 1318 1501 an-

74 1543 146 1625 gusta
164 1543 352 1628 longiuscula
378 1543 516 1610 flexuosa
549 1542 730 1623 instructis,
760 1543 942 1610 antheridiis
975 1541 1117 1627 magnis,
1149 1540 1319 1607 numerosis

74 1647 263 1731 perepbpsatis.
307 1649 418 1734 Bryol.
434 1669 498 1716 eur.
514 1649 619 1728 Voll,
642 1649 718 1715 Tab.
736 1648 808 1714 107.

76 1751 207 1818 leodem
223 1754 432 1840 potypbylios
454 1754 663 1841 (W1rs.)Be.
686 1755 718 1820 ot
741 1753 812 1820 Sos.
834 1753 939 1838 Bryol.
963 1771 1028 1818 eur.
1050 1751 1072 1816 l.
1095 1771 1121 1817 c.

75 1855 207 1923 liosidem
229 1861 439 1945 aspleroicides
461 1879 526 1925 oar.
544 1859 751 1944 polppbyllus
772 1857 903 1924 Wnsos
924 1857 1030 1942 Bryol.
1052 1855 1134 1921 Brit.

75 1958 207 2028 discidere
232 1965 433 2029 αάὶαηιοὶᾱω
455 1962 489 2028 C.
508 1964 643 2029 Morum
665 1962 794 2046 Synops.

143 2065 237 2133 Habit.
260 2067 292 2132 in
314 2067 447 2151 rupibus
469 2067 604 2133 humidis
626 2065 779 2133 umbrosis
794 2064 929 2151 regionis
943 2065 1101 2130 montosae
1116 2081 1211 2147 prope
1227 2063 1320 2158 qta-

74 2169 154 2250 porr'ff
169 2171 338 2252 Hiberniae,
373 2172 426 2237 ubi
457 2191 518 2237 am.
541 2169 673 2236 Wusou
709 2168 792 2235 1829
820 2168 949 2247 detexit3
983 2167 1102 2251 copiose
1124 2184 1216 2250 prope
1238 2166 1320 2232 Pont

78 2269 249 2362 Obuplnslyc
273 2279 303 2343 et
327 2277 370 2344 ad
394 2277 578 2361 Beddpelort
601 2273 853 2341 Combrovalliae.

142 2376 212 2446 Cim.
232 2381 367 2447 Wmsos
391 2380 523 2462 speciem
545 2379 585 2444 ad
608 2379 646 2444 F.
669 2378 893 2464 asplenioidem
915 2375 974 2442 Su.
996 2375 1119 2459 —juro
1140 2374 1261 2440 forsan!
1278 2411 1319 2422 -

75 2479 157 2558 refert,
184 2483 219 2549 cl.
242 2485 382 2550 Moenus
404 2502 472 2549 eam
496 2483 577 2550 haud
599 2502 620 2548 a
641 2481 679 2547 F.
703 2482 901 2560 cdioctoide,
924 2480 992 2546 toto
1015 2479 1099 2546 coelo
1122 2481 1226 2544 tamen
1255 2476 1321 2543 dis·
1347 2522 1352 2531 -

75 2583 150 2663 tonte,
168 2586 314 2656 diversam
341 2589 451 2654 babet!

423 2753 470 2809 10.
501 2750 678 2810 Fissldens
700 2749 933 2819 grandissono.

580 2875 667 2932 Bnrn.
690 2873 781 2932 liant.

140 2984 242 3053 Planta
264 2988 404 3072 speciosa
425 2989 561 3074 rigiduls
583 3009 601 3056 e
622 2987 690 3054 basi
712 2985 1048 3061 fasciculam-ramosa3
1081 2983 1183 3049 caules
1206 2981 1320 3066 singuli

73 3083 198 3170 simplices
231 3093 280 3160 oei
313 3093 530 3159 innovationes
553 3093 585 3158 et
608 3092 741 3159 ramulos
763 3089 917 3157 breviores
938 3088 1006 3155 basi
1027 3087 1202 3154 radicantes
1223 3086 1325 3152 feren·

73 3191 115 3266 ist
132 3196 227 3276 osse,
248 3197 375 3276 virides,
398 3196 581 3283 polypbylli.
626 3196 714 3262 Folia
736 3195 873 3262 contorta
894 3193 963 3260 bosi
987 3191 1182 3258 imbricantia
1205 3191 1254 3256 vel
1275 3210 1324 3256 re·

73 3293 237 3378 uoiinscnla,
258 3301 292 3367 in
316 3303 388 3367 toto
410 3302 496 3368 caule
518 3300 658 3384 aequalia
680 3299 725 3365 ita
740 3301 776 3363 ut
791 3298 887 3364 caulis
902 3297 1024 3363 linealis
1040 3295 1198 3379 appareat,
1214 3293 1323 3378 rigida,

71 3393 165 3478 illiba
185 3422 200 3468 e
221 3405 334 3471 stratis
356 3404 539 3471 cellularum
561 3403 769 3486 compluribus
793 3403 942 3480 formala,
966 3401 1051 3466 costa
1078 3417 1182 3465 crassa
1204 3399 1237 3464 in
1259 3397 1324 3465 lolii

70 3499 120 3566 tlte
137 3503 271 3588 dilatata,
295 3509 355 3574 snb
377 3508 463 3592 apice
486 3507 630 3586 evanida,
654 3506 794 3590 margine
816 3505 972 3572 auriculae
994 3502 1202 3569 minutissimo
1225 3521 1324 3567 serru-

71 3601 126 3668 uo.
161 3609 263 3677 Floros
286 3609 400 3690 dioici,
432 3611 599 3690 arillares,
631 3607 755 3676 feminei
778 3607 963 3692 arohegonia
985 3623 1147 3672 numerosa
1170 3604 1323 3670 sistentes.

70 3705 150 3790 Buol.
170 3733 269 3799 europ.
292 3715 404 3794 Voti,
428 3716 503 3782 Tab.
525 3713 596 3780 106.

72 3809 319 3903 Rprocdr‘srons
341 3820 429 3888 caule
452 3820 585 3902 simplici
606 3837 785 3901 famosoque
800 3817 903 3882 erecto
917 3813 1134 3900 grandissimo,
1157 3811 1240 3880 loliis
1255 3813 1323 3879 sub

154 3923 442 4009 quadragintaJngis
458 3922 611 4006 distichis,
633 3921 855 4005 approximatis
877 3917 1185 3986 lineari-lanceolaiis
1208 3917 1323 3983 acumi-

154 4028 232 4094 natis
255 4028 438 4096 subicientis
462 4026 551 4093 siccis
573 4025 765 4108 madidisque
786 4022 987 4110 planiusculis
1003 4019 1213 4107 integerrimis
1229 4038 1321 4086 nervo

153 4131 299 4200 obsoleto.
344 4134 437 4199 Bam.
458 4132 558 4198 Mani.
581 4150 612 4213 p.
632 4129 704 4197 191.

99 4229 147 4300 Bs
167 4237 198 4301 et
219 4237 292 4304 Son.
318 4237 424 4322 Bryol.
447 4255 511 4302 our.
556 4234 590 4301 C.
605 4235 742 4300 Mduuua
757 4233 886 4318 Synops.

135 4339 238 4408 liubit.
261 4341 295 4407 in
316 4341 445 4426 rupibus
462 4340 607 4409 calcaneis
622 4338 765 4406 irroratis
781 4339 830 4405 rel
846 4335 969 4406 om'nino
985 4333 1168 4402 submersis:
1191 4332 1223 4399 in
1246 4333 1325 4400 (lel-

67 4433 100 4501 111
118 4443 290 4512 occidentali
321 4463 417 4528 prope
441 4445 599 4530 Fouplrcs
630 4443 683 4508 ubi
705 4444 750 4508 Ln
773 4443 891 4508 Prosus
917 4439 1049 4518 detexit,
1081 4455 1173 4520 prope
1195 4436 1321 4502 Milbco

66 4543 221 4632 (Arrpron)
243 4550 282 4616 cl.
297 4551 401 4616 Pnosr
424 4548 463 4616 ad
484 4567 575 4631 rupes
592 4548 733 4614 humidas
748 4547 843 4631 logil;
866 4564 918 4629 per
933 4545 1016 4611 totos
1032 4544 1215 4628 Pyrenaeos,
1230 4559 1321 4624 prae-

66 4643 135 4726 ripoe
163 4652 193 4718 ei
225 4653 449 4737 speciosissime
471 4669 565 4736 propo
587 4653 748 4737 Bopudreo
770 4651 809 4716 de
831 4650 966 4736 Biporre
995 4647 1048 4713 ubi
1081 4648 1146 4729 ipso
1175 4643 1256 4730 logi,
1289 4643 1327 4710 ed
