3316 5262
313 315 377 384 itt
864 309 1031 380 filum

310 490 343 556 iu
365 488 488 574 reginum
509 485 672 571 campestri
693 483 890 566 Britanniae,
922 484 1077 552 interdum
1100 483 1143 550 H.
1167 491 1348 550 commodae
1368 484 1544 560 maculamur

310 595 343 661 in
366 593 503 662 faucibus
526 590 731 676 superioribus
753 589 939 657 Anmlusiae
962 590 1074 656 ciera
1099 589 1229 654 Neoadn
1251 589 1412 656 observavi.
1450 588 1545 664 Vane

311 699 342 764 in
365 695 476 781 alpinis
498 715 593 780 nsque
614 695 654 762 ad
675 694 829 780 regionem
851 694 1002 771 niualem,
1025 711 1078 776 per
1098 693 1226 776 Alpium
1246 693 1353 778 jugum
1373 693 1404 758 et
1421 691 1450 756 iu
1469 691 1548 758 Scau·

309 803 432 869 dicaris
461 799 614 883 usquein
643 798 878 874 Nordlandiamr
914 817 1021 882 vary
1057 797 1096 864 ad
1133 817 1206 864 saxa
1244 799 1378 864 calcanea
1406 796 1548 861 rivulorum

248 915 251 924 '
314 927 330 972 e
353 905 475 992 regione
497 905 644 970 monbna
666 919 761 984 usqne
790 901 822 966 in
853 900 1062 984 subalpinam3
1086 907 1185 968 rar.t
1206 901 1281 967 locis
1303 899 1448 966 similibus
1468 898 1550 984 regio·

311 1011 360 1076 nis
381 1007 560 1091 subalpinae
583 1008 614 1073 et
635 1006 765 1088 alpinae.

399 1111 508 1176 Blrsct.
530 1117 646 1176 matur.
669 1109 797 1176 aestate.

398 1221 502 1282 Differt
524 1221 561 1280 ab
584 1221 623 1278 Η.
639 1227 818 1291 commutato,
840 1220 887 1279 cui
901 1219 969 1278 olim
985 1219 1103 1278 erratim
1118 1219 1313 1296 adjunximus,
1335 1219 1414 1278 caule
1428 1217 1553 1279 raidiore.

313 1306 392 1371 hand
415 1309 755 1368 radiculoso·tomentoso
778 1325 831 1366 nec
846 1307 990 1381 pinnatim
1006 1307 1158 1379 ramulosa,
1181 1307 1258 1368 loliis
1273 1307 1438 1382 majoribus,
1457 1305 1554 1366 solidior

312 1400 401 1468 ribus,
424 1395 667 1470 ovato-oblongo·
690 1397 720 1454 et
742 1393 1067 1470 oblongo-lanceolatis,
1091 1394 1154 1452 basi
1177 1394 1255 1454 hand
1278 1394 1406 1454 cordatis
1426 1394 1554 1466 minusque

312 1484 550 1554 decurrentibus,
572 1482 676 1542 areolis
699 1481 793 1556 partis
814 1481 928 1540 latioris
950 1481 1179 1557 angustioribus,
1201 1481 1392 1557 longioribus,
1413 1483 1487 1540 ousta
1505 1479 1555 1538 lou·

311 1573 402 1649 gioro,
424 1570 554 1641 fortiore,
576 1569 743 1644 peristomio
765 1568 883 1638 minore,
905 1569 1014 1629 annulo
1036 1569 1216 1644 angustiore.

398 1658 466 1718 Var.
488 1657 509 1729 β
531 1655 629 1717 differt
651 1674 669 1717 a
691 1655 784 1716 turma
805 1655 918 1731 typica,
940 1672 998 1716 non
1021 1656 1115 1714 solum
1137 1657 1231 1716 colore
1253 1656 1350 1728 uiridi,
1371 1653 1447 1714 toliis
1467 1653 1509 1712 riu
1528 1651 1553 1710 at

313 1745 437 1822 angulos
460 1743 631 1804 auriculatis
653 1745 683 1803 ot
705 1745 786 1802 costa
808 1743 949 1803 crassiore
972 1744 1003 1801 et
1017 1742 1157 1816 longiore,
1180 1745 1230 1802 sed
1246 1743 1337 1803 etiam
1352 1741 1438 1802 ramis
1452 1741 1551 1816 plerum

312 1851 367 1910 qne
391 1831 565 1908 regulariter
586 1830 716 1906 pinnatis
734 1833 765 1889 et
787 1829 865 1889 foliis
888 1829 979 1889 multo
1001 1828 1117 1890 facilins
1139 1833 1169 1889 et
1191 1831 1349 1906 integriter
1370 1827 1549 1888 secedentibus.

316 1952 350 1961 -
377 1920 452 1978 (llar.
474 1919 592 1977 Bouuuu
613 1918 643 1976 in
667 1917 753 1976 Flore
774 1923 902 1994 cryptog.
926 1917 961 1974 dc
982 1915 1056 1974 rme
1077 1933 1105 1990 p.
1123 1917 1194 1988 246,
1217 1917 1288 1977 dicit
1315 1918 1481 1976 ›Peut-etre
1505 1930 1550 1971 ron

312 2005 493 2067 viendrait·il
522 2006 557 2066 de
588 2005 751 2081 distinguer
776 2003 852 2062 cette
883 2003 984 2078 plante
1013 2003 1267 2078 specifiquement,
1301 2021 1373 2065 sons
1406 2004 1432 2062 le
1454 2018 1513 2061 nom
1529 1999 1553 2056 te

297 2089 350 2154 Ἠ.
371 2097 541 2155 aresces«.
585 2093 688 2168 Vany
707 2107 766 2150 nnn
788 2090 883 2150 miuus
906 2089 1003 2150 differt
1024 2107 1043 2150 a
1065 2091 1161 2164 rand
1183 2109 1271 2167 quam
1292 2111 1313 2152 a
1336 2091 1428 2151 forma
1449 2085 1555 2150 normdi.

718 2281 770 2338 ab.
804 2282 971 2351 Hypnum
991 2281 1174 2340 sulcam

778 2405 844 2463 Seu.
868 2404 990 2480 Synopr.
1014 2406 1057 2464 ed.
1082 2404 1110 2464 1.

396 2535 473 2602 Plus
495 2534 632 2600 minusue
653 2536 745 2602 dense
766 2534 986 2617 caespitosum,
1009 2534 1159 2618 caespites
1181 2555 1198 2601 e
1219 2536 1323 2601 fusco·
1324 2536 1408 2602 luteo
1430 2535 1461 2602 ct
1481 2535 1557 2598 luiss-

310 2642 408 2707 centi·
409 2638 501 2705 uiridi
522 2638 683 2724 samegati,
707 2639 842 2724 rigidnli
887 2637 990 2705 Gauiis
1014 2637 1229 2716 emdouosns,
1252 2640 1382 2722 pinnato
1384 2639 1557 2705 -ramulosus

309 2742 398 2810 Folia
420 2743 551 2810 secunda
574 2743 783 2809 subinvolnto-
784 2744 921 2822 hamata,
944 2763 960 2809 e
983 2743 1049 2810 basi
1071 2743 1134 2811 late
1148 2745 1241 2811 ovata
1255 2743 1361 2811 subito
1374 2745 1436 2810 iere
1450 2743 1555 2828 angusto

310 2847 502 2927 lanceolata,
534 2847 584 2912 vel
614 2847 944 2932 elongatolanoeolata
974 2849 1104 2934 anguste
1126 2849 1324 2926 acuminata,
1355 2849 1422 2916 basi
1443 2847 1555 2914 monte

310 2954 457 3020 excavata
479 2953 510 3018 et
532 2950 648 3018 minute
668 2951 878 3030 denticulata,
910 2952 1001 3019 sulcis
1027 2953 1130 3038 longis
1151 2953 1249 3037 plicas
1271 2951 1501 3020 edormantibns
1518 2967 1556 3013 er·

311 3060 408 3136 arata
431 3059 516 3124 coma
538 3057 624 3124 nulla
646 3056 694 3122 uel
717 3056 810 3124 debili
831 3058 975 3141 simplici,
998 3058 1120 3144 angulis
1144 3058 1328 3125 basilnribus
1350 3077 1445 3142 usqne
1458 3057 1556 3123 adcos

311 3165 376 3229 tam
398 3161 569 3239 mensatim
597 3161 673 3227 retis
699 3163 820 3228 areolae
842 3163 1011 3246 superiores
1032 3165 1163 3249 summe
1185 3161 1555 3248 hemgonorhomboidoet

310 3269 440 3350 utraque
461 3265 655 3333 extremitate
675 3267 819 3345 obtusae,
842 3267 889 3332 bis
912 3268 1018 3350 terque
1039 3267 1191 3352 longiores
1215 3285 1306 3352 quam
1330 3268 1433 3344 latae,
1455 3261 1556 3330 inienu-

311 3391 360 3438 ros
381 3370 519 3449 laticum,
540 3370 919 3454 hexagono-reotnugulae,
942 3369 1016 3436 illae
1039 3370 1246 3437 annonarum
1261 3371 1428 3454 quadmtae
1441 3371 1472 3434 st
1484 3367 1556 3432 bera·

312 3474 615 3560 gono-rectangulae,
638 3472 758 3552 lutam,
779 3473 948 3556 parietibus
970 3474 1083 3541 crassis
1105 3475 1253 3541 aurantiis
1275 3474 1439 3540 limitatae.
1480 3471 1557 3534 Para·

313 3577 433 3662 phyllis
453 3595 616 3644 numerosa
647 3579 693 3663 (iu
714 3577 860 3662 Synopsis
882 3578 928 3644 ed.
955 3577 970 3643 t
994 3596 1096 3644 errore
1119 3577 1342 3664 typographico
1367 3576 1484 3656 ,nulla‘
1505 3573 1556 3637 lau

315 3682 451 3760 ,multa‘
476 3681 640 3766 diormtur).

312 3802 641 3885 Varlteubeuloutum,
650 3802 807 3888 gracilius,
823 3803 905 3870 foliis
917 3821 953 3870 ex
964 3803 1290 3888 oblongolanesolatis,
1306 3801 1443 3869 siccitate
1451 3813 1557 3881 superne

421 3907 490 3990 plus
512 3905 613 3972 minus
635 3908 768 3986 cirratis,
790 3909 878 3974 costa
899 3907 993 3974 debili
1014 3908 1152 3993 longiore
1170 3907 1323 3973 interdum
1338 3907 1462 3982 biturca,
1482 3899 1557 3968 sulcis

420 4009 524 4093 pende
546 4009 646 4076 minus
669 4010 836 4094 profundis,
859 4011 919 4078 reti
941 4011 1094 4095 superiore
1116 4010 1262 4096 langore.

314 4115 468 4200 Hypsaeum
489 4113 699 4182 subculcatum
721 4113 793 4180 scu.
816 4115 943 4200 Synops.
966 4115 1012 4183 sd.
1038 4115 1065 4181 1.

400 4235 508 4300 Hatit.
531 4254 549 4301 e
570 4235 691 4320 regione
713 4237 872 4320 subalpina
894 4254 988 4320 usque
1009 4238 1041 4303 in
1056 4238 1191 4321 alpinam
1216 4237 1412 4322 superiorem,
1442 4231 1477 4299 ad
1497 4245 1556 4294 sm

313 4339 345 4402 et
366 4340 481 4406 terram
504 4340 646 4406 umbrata
669 4340 717 4406 vel
740 4340 965 4408 humidiuscula
986 4339 1057 4408 hinc
1078 4341 1165 4408 illinc
1186 4361 1240 4426 per
1269 4343 1367 4408 totum
1389 4333 1490 4424 iugum
1509 4331 1554 4398 A!-

313 4444 412 4526 pium:
436 4463 471 4510 ex
493 4445 624 4530 Alpibus
647 4445 923 4530 salisburgensibus
945 4446 1034 4514 amic.
1058 4447 1180 4514 Ssuunn
1202 4447 1318 4530 primns
1343 4445 1435 4510 misit.

400 4555 503 4616 Ditlert
525 4575 543 4616 a
567 4575 625 4616 rar.
647 4559 846 4635 gracitmortc
868 4559 968 4634 alpina
991 4559 1029 4618 H.
1051 4559 1168 4636 falcati,
1201 4558 1277 4619 loliis
1300 4555 1433 4618 constatis
1453 4551 1491 4610 rel
1511 4547 1552 4606 ob·

314 4643 484 4706 soletissime
507 4644 688 4717 unicostatis,
711 4646 774 4706 basi
796 4646 890 4706 laxius
912 4645 1009 4706 textis.
