3290 5214
643 327 821 388 Introduetto.
1333 326 1374 386 1x

99 503 181 588 Bryc
195 511 416 590 torquesceale,
431 505 482 572 rel
497 502 899 590 torquescendo-imbrioata
914 505 1090 591 spiramque
1106 505 1279 590 elegantem
1293 505 1375 572 circa

99 609 210 676 caulem
232 609 425 697 affingeretis

177 713 287 780 Forma
315 716 402 780 inter
434 734 467 780 se
503 714 603 779 multo
631 713 734 778 minus
763 713 939 797 discrepant
969 715 1148 781 Museorum
1178 713 1253 780 solia
1283 733 1374 796 quam

98 816 263 900 plantarum
286 818 518 904 proceriorem,
552 817 724 902 composita
746 818 829 883 enim
852 819 976 884 omnino
998 817 1227 895 desiderantur,
1259 817 1374 896 lebate,

100 919 269 1002 pinnatillda
298 921 422 1006 pariter
450 921 579 1000 desunt,
615 941 735 1006 semper
772 925 881 988 contra
910 921 1142 1007 simplicissima
1178 921 1375 988 inveniuntur

100 1025 157 1090 sola
188 1025 414 1094 dilaceratione
457 1027 507 1110 (ut
536 1027 569 1092 in
604 1026 817 1110 Barlaamia)
847 1025 1003 1092 laciniate.
1060 1025 1223 1092 Caeterum
1259 1025 1375 1092 tonnae

100 1127 182 1206 modi,
203 1129 382 1214 gradusque
408 1150 524 1208 omnes,
548 1130 600 1213 qui
624 1130 875 1196 interlinearem
905 1132 937 1196 et
968 1131 1133 1198 rotundam
1160 1131 1375 1215 circumscrip-

100 1232 204 1298 tionem
239 1233 317 1320 fingi
357 1237 489 1318 possunt
522 1237 555 1300 et
586 1255 621 1300 er
649 1254 710 1300 una
746 1235 778 1299 in
815 1236 945 1300 alteram
984 1235 1150 1302 transitum
1181 1235 1373 1313 adumbrant,

101 1334 323 1404 inlluscorum
347 1338 434 1404 loliis
453 1340 641 1423 spectantur.
686 1339 891 1404 Sabrolancla
914 1342 947 1405 et
969 1339 1223 1405 annotatoris
1247 1340 1374 1405 suntin

102 1437 179 1521 Bryc
193 1441 401 1527 cycloptyllo,
424 1441 456 1506 in
474 1439 566 1506 Maio
576 1449 726 1526 punctulo
743 1444 775 1508 et
791 1441 982 1527 sadqlctoso,
1006 1443 1138 1508 cordula
1153 1443 1185 1508 in
1202 1443 1374 1528 nllyarclla,

101 1539 386 1629 intharclroaleqe'o
413 1544 601 1627 malforat
615 1544 646 1610 in
662 1545 780 1630 Hypaea
794 1545 931 1630 filiclam·
954 1547 1109 1632 triquetra
1134 1547 1165 1612 in
1188 1546 1371 1630 Hylocamr'o

103 1646 240 1730 triquetro
269 1650 302 1714 et
333 1649 536 1727 brealroslri,
560 1649 611 1714 ubi
635 1669 651 1715 e
673 1650 738 1716 basi
761 1649 874 1716 latiore
896 1651 998 1716 latera
1019 1650 1057 1716 ad
1079 1652 1226 1736 angulum
1250 1654 1373 1717 acutum

103 1747 173 1814 drea
193 1753 276 1817 recta
299 1755 507 1829 concurrunt,
530 1760 621 1816 acala
644 1772 660 1818 e
682 1753 749 1819 basi
772 1754 938 1820 rotundatu
961 1755 1079 1839 apicem
1102 1755 1247 1822 obtusum
1268 1775 1375 1822 sersus

104 1855 269 1938 angustiora
284 1857 394 1941 sicque
412 1857 464 1924 ori
487 1857 802 1942 circumscriptionem
825 1857 1081 1944 longitudinalem
1104 1858 1270 1934 imitantia,
1293 1861 1329 1922 ut
1344 1859 1375 1922 in

105 1955 324 2042 Bryolcla'sclr'o
333 1983 347 2042 ,·
363 1961 470 2025 coalia
487 1961 537 2026 rel
552 1961 688 2045 aprica
704 1963 835 2044 utraque
851 1962 1047 2028 extremitate
1063 1961 1230 2028 rotundatu
1246 1959 1376 2044 aequali,

103 2058 274 2128 diametrum
303 2064 549 2130 mansuemalem
579 2063 798 2150 longitudinali
828 2064 875 2130 bis
907 2065 988 2130 circa
1009 2063 1204 2149 superantia;
1235 2063 1376 2148 otlanpa,

104 2181 220 2244 quorum
234 2164 390 2232 diameter
405 2166 641 2252 longitudinalis
657 2167 858 2233 transversali
873 2170 923 2234 ter
937 2171 1105 2252 quaterque
1121 2167 1243 2253 longior
1258 2167 1375 2244 eradit,

104 2265 244 2351 danaae
264 2289 345 2353 quae
366 2269 565 2356 longitudine
587 2289 643 2335 sua
658 2269 857 2336 latitudinem
872 2271 1031 2355 quinquies
1048 2273 1080 2336 et
1095 2270 1194 2356 magis
1211 2271 1376 2348 eraedrrntr

104 2369 218 2434 lincolia
239 2374 272 2438 ct
293 2373 432 2437 loricata
466 2371 542 2438 folia
574 2373 720 2458 elongata
742 2376 876 2458 angrmta
899 2393 1027 2458 aequam
1051 2374 1114 2441 scre
1136 2375 1334 2440 latitudinem
1357 2396 1376 2440 a

105 2473 278 2560 basimque
300 2477 341 2544 ad
365 2477 485 2562 apicem
507 2477 731 2552 monstrantia3
752 2479 891 2542 linearia
914 2479 1039 2544 linealis
1061 2479 1282 2564 angustissima
1303 2482 1377 2546 sunt

107 2577 208 2644 lnam
230 2580 404 2667 lingentia;
432 2581 605 2646 lanceolata
633 2581 738 2648 ebasi
761 2582 894 2669 oblonga
916 2583 948 2648 in
971 2583 1088 2668 apicem
1112 2585 1237 2650 acutum
1260 2585 1376 2650 sensim

105 2685 276 2767 neman,
307 2685 411 2752 forma
434 2684 467 2749 in
488 2705 602 2770 magno
633 2703 810 2752 muscarum
836 2705 963 2753 numero
995 2687 1101 2762 obria;
1134 2686 1280 2751 conara
1303 2691 1376 2754 sunt

106 2785 221 2854 lomna
241 2789 274 2854 in
296 2787 459 2875 cuspidem
482 2792 604 2856 mutam
626 2790 807 2875 plenumque
829 2790 940 2857 leniter
962 2793 1123 2857 curvatam
1137 2791 1318 2869 cementa,
1341 2793 1376 2856 ut

107 2907 137 2954 ea
156 2891 185 2956 in
206 2893 316 2960 multis
342 2893 501 2978 specialem
524 2893 735 2980 angustifoliis
757 2897 936 2971 occurrunt;
959 2894 1142 2979 spaltalala
1158 2915 1174 2961 e
1188 2895 1256 2962 basi
1270 2895 1376 2961 lineali

108 2996 208 3061 sensim
222 2997 367 3074 eborata,
391 2999 428 3062 ut
450 2998 482 3062 in
497 2997 606 3063 multis
622 2997 794 3064 Pottiaceis
810 3000 843 3062 et
857 2989 1019 3083 Brpaceisz
1042 3006 1173 3063 maccla
1196 2998 1376 3083 spathulata

108 3096 272 3166 abbreviata
297 3104 384 3168 sunt.

182 3203 368 3272 Innumerae
391 3207 549 3291 praeterea
569 3207 680 3273 hmum
702 3206 872 3274 formarum
888 3208 1076 3275 variationes
1092 3210 1124 3274 et
1139 3209 1376 3276 coadunationes

109 3301 217 3388 adsum,
240 3329 319 3393 quas
342 3310 519 3378 nominibus
542 3311 725 3396 compositis
746 3311 890 3378 Botanici
911 3311 1085 3397 designant,
1109 3331 1154 3378 er.
1178 3333 1224 3398 gr.
1248 3312 1377 3376 oboeala

110 3425 155 3472 seu
182 3409 302 3479 inverse
333 3416 442 3494 ovata,
474 3415 720 3499 ooalocdlaapo
749 3417 783 3480 et
811 3415 1160 3499 elongata-mecolaeta,
1192 3416 1378 3480 lanceolata-

110 3512 242 3580 aalma
265 3519 328 3583 etc.

183 3619 265 3688 Baro
288 3620 367 3688 lolia
388 3621 512 3689 omnino
535 3623 627 3708 plana
650 3622 891 3707 conspiciuntur,
915 3623 1098 3707 plerumque
1120 3643 1271 3701 cmcaaa,
1295 3625 1378 3688 carl-

112 3727 177 3784 ncla
198 3724 230 3788 et
244 3725 552 3806 cardamo-waram,
575 3725 831 3810 eutcomplicata,
854 3725 1026 3804 conectatur,
1050 3725 1324 3806 cochleariformia
1347 3729 1379 3793 et

112 3825 254 3890 araca
278 3845 316 3893 ea
341 3825 476 3904 ridebis,
499 3829 639 3914 margine
662 3847 742 3894 nuno
760 3828 863 3913 plana
887 3847 966 3894 nunc
988 3830 1140 3911 incanta,
1163 3829 1213 3894 rel
1237 3851 1378 3910 accarca,

112 3943 180 3995 nune
200 3931 341 3996 laoclala
364 3930 414 3997 rel
436 3933 585 3998 raedae.
630 3933 722 3999 Haud
744 3953 814 4000 raro
832 3934 956 4018 plicata
979 3933 1029 3999 rel
1044 3933 1167 4000 salcala
1182 3937 1264 4013 sunt,
1287 3935 1377 4020 plicis

112 4048 208 4117 nempe
223 4037 256 4100 et
272 4036 368 4102 sulcis
383 4036 652 4122 longitudinaliter
669 4039 792 4104 exarata
807 4038 933 4123 (Hypn.
944 4038 1104 4116 lacerans,
1120 4040 1222 4103 allans
1233 4057 1258 4104 e.
1268 4058 1309 4102 m.
1320 4038 1378 4121 a.);

114 4155 217 4218 maaca
239 4142 273 4205 et
295 4141 454 4205 nadaloea
477 4141 562 4226 rugis
585 4142 637 4208 rel
658 4141 749 4208 undis
776 4141 1035 4208 transversalibus
1066 4143 1176 4208 notata
1207 4140 1379 4224 (Nacta-ea

114 4237 261 4322 plurimae,
277 4243 374 4328 Hyp.
395 4245 575 4329 aqueum„
598 4245 765 4328 nadalala,
788 4245 842 4311 ubi
864 4245 931 4312 sola
953 4265 1025 4329 pars
1048 4244 1228 4330 marginalis
1244 4243 1380 4310 flexuosa

115 4343 206 4410 erma
226 4347 371 4426 (Maiam
387 4347 586 4430 undulatam,
610 4349 777 4414 Alrictraa
792 4349 1013 4431 andalalaar);
1037 4351 1145 4433 crispa
1161 4367 1292 4430 quorum
1308 4367 1378 4432 pars

115 4443 209 4510 edem
230 4449 399 4533 promecas
423 4449 521 4534 plicas
544 4451 675 4517 exhibet.

190 4549 298 4638 llargo
330 4552 477 4620 loliorum
507 4555 556 4619 rel
578 4555 664 4620 totus
687 4556 806 4640 indagor
829 4573 883 4620 seu
906 4554 1003 4621 leeris
1026 4558 1094 4633 est,
1129 4555 1178 4619 vel
1202 4553 1269 4618 sola
1291 4552 1379 4636 parte

117 4653 259 4735 mpericrc
280 4657 330 4726 rel
353 4659 423 4726 toto
445 4657 579 4724 circuitu
601 4666 758 4742 serratas,
788 4661 951 4740 maletus,
982 4659 1177 4734 creaalalas,
1206 4675 1275 4724 raro
1305 4655 1379 4720 aaa·
