<?xml version="1.0" encoding="UTF-8"?>
<!DOCTYPE html PUBLIC "-//W3C//DTD XHTML 1.0 Transitional//EN"
    "http://www.w3.org/TR/xhtml1/DTD/xhtml1-transitional.dtd">
<html xmlns="http://www.w3.org/1999/xhtml" xml:lang="en" lang="en">
 <head>
  <title>
</title>
<meta http-equiv="Content-Type" content="text/html;charset=utf-8" />
  <meta name='ocr-system' content='tesseract 3.04.00' />
  <meta name='ocr-capabilities' content='ocr_page ocr_carea ocr_par ocr_line ocrx_word'/>
</head>
<body>
  <div class='ocr_page' id='page_1' title='image "./synopsismuscoru00schigoog_0825.png"; bbox 0 0 3080 5246; ppageno 0'>
   <div class='ocr_carea' id='block_1_1' title="bbox 547 283 1267 363">
    <p class='ocr_par' dir='ltr' id='par_1_1' title="bbox 547 283 1267 363">
     <span class='ocr_line' id='line_1_1' title="bbox 547 283 1267 363; baseline 0.004 -6"><span class='ocrx_word' id='word_1_1' title='bbox 547 283 716 357; x_wconf 68' lang='lat' dir='ltr'><strong>flrnm</strong></span> <span class='ocrx_word' id='word_1_2' title='bbox 1206 292 1267 363; x_wconf 81' lang='lat' dir='ltr'><strong>uel</strong></span> 
     </span>
    </p>
   </div>
   <div class='ocr_carea' id='block_1_2' title="bbox 16 457 1271 853">
    <p class='ocr_par' dir='ltr' id='par_1_2' title="bbox 16 457 1271 853">
     <span class='ocr_line' id='line_1_2' title="bbox 17 457 1271 545; baseline 0.011 -23"><span class='ocrx_word' id='word_1_3' title='bbox 17 457 60 522; x_wconf 90' lang='lat' dir='ltr'><strong>lo</strong></span> <span class='ocrx_word' id='word_1_4' title='bbox 82 477 231 542; x_wconf 87' lang='lat' dir='ltr'><strong>purpmeo</strong></span> <span class='ocrx_word' id='word_1_5' title='bbox 254 457 345 526; x_wconf 79' lang='lat' dir='ltr'><strong>vuldo</strong></span> <span class='ocrx_word' id='word_1_6' title='bbox 367 459 518 543; x_wconf 89' lang='lat' dir='ltr'><strong>papilloeo</strong></span> <span class='ocrx_word' id='word_1_7' title='bbox 539 479 659 539; x_wconf 89' lang='lat' dir='ltr'><strong>cernua,</strong></span> <span class='ocrx_word' id='word_1_8' title='bbox 682 458 806 545; x_wconf 87' lang='lat' dir='ltr'><strong>turgide</strong></span> <span class='ocrx_word' id='word_1_9' title='bbox 829 459 937 542; x_wconf 78' lang='lat' dir='ltr'><strong>oeulis,</strong></span> <span class='ocrx_word' id='word_1_10' title='bbox 960 461 1069 545; x_wconf 86' lang='lat' dir='ltr'><strong>solida,</strong></span> <span class='ocrx_word' id='word_1_11' title='bbox 1092 467 1271 536; x_wconf 84' lang='lat' dir='ltr'><strong>rulo-brun·</strong></span> 
     </span>
     <span class='ocr_line' id='line_1_3' title="bbox 16 563 1270 649; baseline 0.009 -21"><span class='ocrx_word' id='word_1_12' title='bbox 16 583 66 641; x_wconf 71' lang='lat' dir='ltr'><strong>a,</strong></span> <span class='ocrx_word' id='word_1_13' title='bbox 94 563 237 646; x_wconf 86' lang='lat' dir='ltr'><strong>operculo</strong></span> <span class='ocrx_word' id='word_1_14' title='bbox 259 563 324 630; x_wconf 86' lang='lat' dir='ltr'><strong>ulte</strong></span> <span class='ocrx_word' id='word_1_15' title='bbox 345 583 480 630; x_wconf 85' lang='lat' dir='ltr'><strong>convexo</strong></span> <span class='ocrx_word' id='word_1_16' title='bbox 500 563 673 649; x_wconf 87' lang='lat' dir='ltr'><strong>apiculeto,</strong></span> <span class='ocrx_word' id='word_1_17' title='bbox 708 564 822 630; x_wconf 88' lang='lat' dir='ltr'><strong>annulo</strong></span> <span class='ocrx_word' id='word_1_18' title='bbox 844 563 919 632; x_wconf 87' lang='lat' dir='ltr'><strong>lato.</strong></span> <span class='ocrx_word' id='word_1_19' title='bbox 964 566 1143 636; x_wconf 87' lang='lat' dir='ltr'><strong>Perietomii</strong></span> <span class='ocrx_word' id='word_1_20' title='bbox 1164 572 1270 639; x_wconf 85' lang='lat' dir='ltr'><strong>dentes</strong></span> 
     </span>
     <span class='ocr_line' id='line_1_4' title="bbox 16 664 1270 763; baseline 0.01 -31"><span class='ocrx_word' id='word_1_21' title='bbox 16 669 120 752; x_wconf 83' lang='lat' dir='ltr'><strong>gusto</strong></span> <span class='ocrx_word' id='word_1_22' title='bbox 144 664 317 748; x_wconf 83' lang='lat' dir='ltr'><strong>lumellosi,</strong></span> <span class='ocrx_word' id='word_1_23' title='bbox 348 687 507 753; x_wconf 85' lang='lat' dir='ltr'><strong>processus</strong></span> <span class='ocrx_word' id='word_1_24' title='bbox 539 669 680 748; x_wconf 85' lang='lat' dir='ltr'><strong>hiantes,</strong></span> <span class='ocrx_word' id='word_1_25' title='bbox 713 668 817 737; x_wconf 86' lang='lat' dir='ltr'><strong>ciliola</strong></span> <span class='ocrx_word' id='word_1_26' title='bbox 838 671 1119 754; x_wconf 78' lang='lat' dir='ltr'><strong>exuppendioulatn</strong></span> <span class='ocrx_word' id='word_1_27' title='bbox 1164 676 1270 763; x_wconf 79' lang='lat' dir='ltr'><strong>Brpol.</strong></span> 
     </span>
     <span class='ocr_line' id='line_1_5' title="bbox 17 771 428 853; baseline 0.005 -17"><span class='ocrx_word' id='word_1_28' title='bbox 17 791 53 837; x_wconf 88' lang='lat' dir='ltr'><strong>r.</strong></span> <span class='ocrx_word' id='word_1_29' title='bbox 76 771 148 838; x_wconf 79' lang='lat' dir='ltr'><strong>Vol</strong></span> <span class='ocrx_word' id='word_1_30' title='bbox 171 772 230 853; x_wconf 86' lang='lat' dir='ltr'><strong>VI,</strong></span> <span class='ocrx_word' id='word_1_31' title='bbox 251 772 328 840; x_wconf 83' lang='lat' dir='ltr'><strong>Tab.</strong></span> <span class='ocrx_word' id='word_1_32' title='bbox 352 773 428 839; x_wconf 79' lang='lat'><strong>532.</strong></span> 
     </span>
    </p>
   </div>
   <div class='ocr_carea' id='block_1_3' title="bbox 15 893 1268 1084">
    <p class='ocr_par' dir='ltr' id='par_1_3' title="bbox 15 893 1268 1084">
     <span class='ocr_line' id='line_1_6' title="bbox 15 893 1268 982; baseline 0.006 -21"><span class='ocrx_word' id='word_1_33' title='bbox 15 895 147 981; x_wconf 72' lang='lat' dir='ltr'><strong>ypuum</strong></span> <span class='ocrx_word' id='word_1_34' title='bbox 177 894 341 982; x_wconf 77' lang='lat' dir='ltr'><strong>flagellare</strong></span> <span class='ocrx_word' id='word_1_35' title='bbox 370 895 478 962; x_wconf 74' lang='grc' dir='ltr'><strong>Βιοιε.</strong></span> <span class='ocrx_word' id='word_1_36' title='bbox 510 896 609 980; x_wconf 76' lang='lat' dir='ltr'><strong>crypt.</strong></span> <span class='ocrx_word' id='word_1_37' title='bbox 641 893 716 962; x_wconf 82' lang='lat' dir='ltr'><strong>faeo.</strong></span> <span class='ocrx_word' id='word_1_38' title='bbox 749 895 786 974; x_wconf 80' lang='lat'><strong>2,</strong></span> <span class='ocrx_word' id='word_1_39' title='bbox 825 915 854 978; x_wconf 88' lang='lat' dir='ltr'><strong>p.</strong></span> <span class='ocrx_word' id='word_1_40' title='bbox 881 896 930 964; x_wconf 80' lang='lat'><strong>12.</strong></span> <span class='ocrx_word' id='word_1_41' title='bbox 975 896 1075 965; x_wconf 75' lang='lat' dir='ltr'><strong>Simu</strong></span> <span class='ocrx_word' id='word_1_42' title='bbox 1112 898 1160 968; x_wconf 76' lang='lat' dir='ltr'><strong>ul.</strong></span> <span class='ocrx_word' id='word_1_43' title='bbox 1188 902 1268 968; x_wconf 85' lang='lat' dir='ltr'><strong>Brit.</strong></span> 
     </span>
     <span class='ocr_line' id='line_1_7' title="bbox 97 998 852 1084; baseline 0.004 -20"><span class='ocrx_word' id='word_1_44' title='bbox 97 999 232 1066; x_wconf 82' lang='lat' dir='ltr'><strong>Wroeou</strong></span> <span class='ocrx_word' id='word_1_45' title='bbox 254 999 359 1084; x_wconf 80' lang='lat' dir='ltr'><strong>Brpol.</strong></span> <span class='ocrx_word' id='word_1_46' title='bbox 382 999 462 1066; x_wconf 88' lang='lat' dir='ltr'><strong>Brit.</strong></span> <span class='ocrx_word' id='word_1_47' title='bbox 509 998 542 1066; x_wconf 85' lang='lat' dir='ltr'><strong>(l.</strong></span> <span class='ocrx_word' id='word_1_48' title='bbox 566 1000 700 1066; x_wconf 79' lang='lat' dir='ltr'><strong>Munere</strong></span> <span class='ocrx_word' id='word_1_49' title='bbox 723 999 852 1084; x_wconf 82' lang='lat' dir='ltr'><strong>Synops.</strong></span> 
     </span>
    </p>
   </div>
   <div class='ocr_carea' id='block_1_4' title="bbox 15 1121 934 1418">
    <p class='ocr_par' dir='ltr' id='par_1_4' title="bbox 15 1121 934 1418">
     <span class='ocr_line' id='line_1_8' title="bbox 15 1121 714 1208; baseline -0.001 -19"><span class='ocrx_word' id='word_1_50' title='bbox 15 1121 148 1208; x_wconf 79' lang='lat' dir='ltr'><strong>&#39;ypuum</strong></span> <span class='ocrx_word' id='word_1_51' title='bbox 170 1124 364 1188; x_wconf 82' lang='lat' dir='ltr'><strong>armoricam</strong></span> <span class='ocrx_word' id='word_1_52' title='bbox 386 1122 478 1188; x_wconf 82' lang='lat' dir='ltr'><strong>Bnn.</strong></span> <span class='ocrx_word' id='word_1_53' title='bbox 502 1122 609 1206; x_wconf 81' lang='lat' dir='ltr'><strong>Bryol.</strong></span> <span class='ocrx_word' id='word_1_54' title='bbox 631 1125 714 1188; x_wconf 80' lang='lat' dir='ltr'><strong>uuio.</strong></span> 
     </span>
     <span class='ocr_line' id='line_1_9' title="bbox 15 1227 831 1314; baseline 0 -20"><span class='ocrx_word' id='word_1_55' title='bbox 15 1231 148 1312; x_wconf 76' lang='lat' dir='ltr'><strong>ypuum</strong></span> <span class='ocrx_word' id='word_1_56' title='bbox 168 1230 527 1314; x_wconf 81' lang='lat' dir='ltr'><strong>pseudo-commutatum</strong></span> <span class='ocrx_word' id='word_1_57' title='bbox 548 1227 593 1292; x_wconf 73' lang='lat' dir='ltr'><strong>Im</strong></span> <span class='ocrx_word' id='word_1_58' title='bbox 617 1227 831 1294; x_wconf 70' lang='lat' dir='ltr'><strong>Proclamat.</strong></span> 
     </span>
     <span class='ocr_line' id='line_1_10' title="bbox 15 1331 934 1418; baseline -0.001 -19"><span class='ocrx_word' id='word_1_59' title='bbox 15 1335 203 1416; x_wconf 78' lang='lat' dir='ltr'><strong>yocomium</strong></span> <span class='ocrx_word' id='word_1_60' title='bbox 221 1332 385 1418; x_wconf 76' lang='lat' dir='ltr'><strong>flagellare</strong></span> <span class='ocrx_word' id='word_1_61' title='bbox 407 1332 465 1398; x_wconf 84' lang='lat' dir='ltr'><strong>Bu.</strong></span> <span class='ocrx_word' id='word_1_62' title='bbox 493 1333 527 1399; x_wconf 85' lang='lat' dir='ltr'><strong>et</strong></span> <span class='ocrx_word' id='word_1_63' title='bbox 548 1331 621 1398; x_wconf 87' lang='lat' dir='ltr'><strong>Son.</strong></span> <span class='ocrx_word' id='word_1_64' title='bbox 646 1332 752 1418; x_wconf 79' lang='lat' dir='ltr'><strong>Bryol.</strong></span> <span class='ocrx_word' id='word_1_65' title='bbox 776 1352 838 1398; x_wconf 91' lang='lat' dir='ltr'><strong>eur.</strong></span> <span class='ocrx_word' id='word_1_66' title='bbox 862 1332 884 1399; x_wconf 90' lang='lat' dir='ltr'><strong>l.</strong></span> <span class='ocrx_word' id='word_1_67' title='bbox 907 1350 934 1398; x_wconf 89' lang='lat' dir='ltr'><strong>o.</strong></span> 
     </span>
    </p>
   </div>
   <div class='ocr_carea' id='block_1_5' title="bbox 76 1453 1270 1538">
    <p class='ocr_par' dir='ltr' id='par_1_5' title="bbox 76 1453 1270 1538">
     <span class='ocr_line' id='line_1_11' title="bbox 76 1453 1270 1538; baseline 0.003 -18"><span class='ocrx_word' id='word_1_68' title='bbox 76 1453 192 1520; x_wconf 74' lang='lat' dir='ltr'><strong>Hubit,</strong></span> <span class='ocrx_word' id='word_1_69' title='bbox 226 1453 257 1520; x_wconf 94' lang='lat' dir='ltr'><strong>in</strong></span> <span class='ocrx_word' id='word_1_70' title='bbox 292 1453 418 1538; x_wconf 80' lang='lat' dir='ltr'>rupibus</span> <span class='ocrx_word' id='word_1_71' title='bbox 449 1455 606 1538; x_wconf 84' lang='lat' dir='ltr'><strong>querzosis</strong></span> <span class='ocrx_word' id='word_1_72' title='bbox 628 1453 770 1521; x_wconf 88' lang='lat' dir='ltr'><strong>irroratis</strong></span> <span class='ocrx_word' id='word_1_73' title='bbox 793 1473 878 1520; x_wconf 86' lang='lat' dir='ltr'><strong>secus</strong></span> <span class='ocrx_word' id='word_1_74' title='bbox 902 1455 1019 1521; x_wconf 80' lang='lat' dir='ltr'><strong>rivulos</strong></span> <span class='ocrx_word' id='word_1_75' title='bbox 1041 1456 1074 1521; x_wconf 88' lang='lat' dir='ltr'><strong>et</strong></span> <span class='ocrx_word' id='word_1_76' title='bbox 1095 1455 1270 1523; x_wconf 76' lang='lat' dir='ltr'><strong>calumnias</strong></span> 
     </span>
    </p>
   </div>
   <div class='ocr_carea' id='block_1_6' title="bbox 14 1558 1366 1646">
    <p class='ocr_par' dir='ltr' id='par_1_6' title="bbox 14 1558 1366 1646">
     <span class='ocr_line' id='line_1_12' title="bbox 14 1558 1366 1646; baseline 0.004 -22"><span class='ocrx_word' id='word_1_77' title='bbox 14 1558 128 1644; x_wconf 87' lang='lat' dir='ltr'><strong>gionis</strong></span> <span class='ocrx_word' id='word_1_78' title='bbox 151 1559 335 1643; x_wconf 80' lang='lat' dir='ltr'><strong>campestris</strong></span> <span class='ocrx_word' id='word_1_79' title='bbox 358 1561 516 1626; x_wconf 74' lang='lat' dir='ltr'><strong>montosae</strong></span> <span class='ocrx_word' id='word_1_80' title='bbox 539 1561 572 1625; x_wconf 86' lang='lat' dir='ltr'><strong>et</strong></span> <span class='ocrx_word' id='word_1_81' title='bbox 593 1559 728 1646; x_wconf 82' lang='lat' dir='ltr'><strong>regionis</strong></span> <span class='ocrx_word' id='word_1_82' title='bbox 751 1560 916 1627; x_wconf 75' lang='lat' dir='ltr'><strong>montanae</strong></span> <span class='ocrx_word' id='word_1_83' title='bbox 937 1559 1115 1640; x_wconf 78' lang='lat' dir='ltr'><strong>Hiberniae,</strong></span> <span class='ocrx_word' id='word_1_84' title='bbox 1138 1561 1269 1642; x_wconf 84' lang='lat' dir='ltr'><strong>Scotiee,</strong></span> <span class='ocrx_word' id='word_1_85' title='bbox 1359 1587 1366 1602; x_wconf 92' lang='lat'><strong>·</strong></span> 
     </span>
    </p>
   </div>
   <div class='ocr_carea' id='block_1_7' title="bbox 11 1662 1273 3696">
    <p class='ocr_par' dir='ltr' id='par_1_7' title="bbox 11 1662 1273 3696">
     <span class='ocr_line' id='line_1_13' title="bbox 14 1662 1269 1750; baseline 0.004 -21"><span class='ocrx_word' id='word_1_86' title='bbox 14 1663 134 1748; x_wconf 78' lang='lat' dir='ltr'><strong>eglise,</strong></span> <span class='ocrx_word' id='word_1_87' title='bbox 156 1664 346 1742; x_wconf 81' lang='lat' dir='ltr'><strong>Armoricee,</strong></span> <span class='ocrx_word' id='word_1_88' title='bbox 368 1662 605 1749; x_wconf 85' lang='lat' dir='ltr'><strong>Pyreuaaorum,</strong></span> <span class='ocrx_word' id='word_1_89' title='bbox 628 1662 864 1750; x_wconf 73' lang='lat' dir='ltr'><strong>Spirae-nigrae</strong></span> <span class='ocrx_word' id='word_1_90' title='bbox 879 1665 911 1730; x_wconf 89' lang='lat' dir='ltr'><strong>et</strong></span> <span class='ocrx_word' id='word_1_91' title='bbox 925 1663 1055 1750; x_wconf 83' lang='lat' dir='ltr'><strong>Vogesi;</strong></span> <span class='ocrx_word' id='word_1_92' title='bbox 1078 1664 1269 1734; x_wconf 74' lang='lat' dir='ltr'><strong>buobfmum</strong></span> 
     </span>
     <span class='ocr_line' id='line_1_14' title="bbox 13 1765 1270 1856; baseline 0.005 -24"><span class='ocrx_word' id='word_1_93' title='bbox 13 1768 65 1852; x_wconf 87' lang='lat' dir='ltr'><strong>git</strong></span> <span class='ocrx_word' id='word_1_94' title='bbox 89 1765 145 1832; x_wconf 87' lang='lat' dir='ltr'><strong>W.</strong></span> <span class='ocrx_word' id='word_1_95' title='bbox 168 1766 301 1834; x_wconf 86' lang='lat' dir='ltr'><strong>Wmson</strong></span> <span class='ocrx_word' id='word_1_96' title='bbox 332 1767 370 1833; x_wconf 87' lang='lat' dir='ltr'><strong>ad</strong></span> <span class='ocrx_word' id='word_1_97' title='bbox 393 1771 531 1834; x_wconf 90' lang='lat' dir='ltr'><strong>montem</strong></span> <span class='ocrx_word' id='word_1_98' title='bbox 555 1769 772 1854; x_wconf 72' lang='lat' dir='ltr'><strong>t&#39;romoploeon</strong></span> <span class='ocrx_word' id='word_1_99' title='bbox 794 1788 888 1853; x_wconf 89' lang='lat' dir='ltr'><strong>prope</strong></span> <span class='ocrx_word' id='word_1_100' title='bbox 910 1769 1081 1856; x_wconf 76' lang='lat' dir='ltr'><strong>Killomoy</strong></span> <span class='ocrx_word' id='word_1_101' title='bbox 1102 1769 1270 1838; x_wconf 88' lang='lat' dir='ltr'><strong>Hiberniae</strong></span> 
     </span>
     <span class='ocr_line' id='line_1_15' title="bbox 39 1869 1270 1959; baseline 0.002 -21"><span class='ocrx_word' id='word_1_102' title='bbox 39 1872 80 1938; x_wconf 81' lang='lat' dir='ltr'><strong>ad</strong></span> <span class='ocrx_word' id='word_1_103' title='bbox 104 1869 242 1938; x_wconf 88' lang='lat' dir='ltr'><strong>rivulum</strong></span> <span class='ocrx_word' id='word_1_104' title='bbox 271 1889 363 1955; x_wconf 87' lang='lat' dir='ltr'><strong>snpra</strong></span> <span class='ocrx_word' id='word_1_105' title='bbox 387 1873 472 1938; x_wconf 80' lang='lat' dir='ltr'><strong>Abcr</strong></span> <span class='ocrx_word' id='word_1_106' title='bbox 495 1872 755 1951; x_wconf 86' lang='lat' dir='ltr'><strong>Gambrovalliee,</strong></span> <span class='ocrx_word' id='word_1_107' title='bbox 788 1872 940 1939; x_wconf 84' lang='lat' dir='ltr'><strong>fructibus</strong></span> <span class='ocrx_word' id='word_1_108' title='bbox 962 1871 1095 1956; x_wconf 85' lang='lat' dir='ltr'><strong>copiosis</strong></span> <span class='ocrx_word' id='word_1_109' title='bbox 1117 1873 1158 1940; x_wconf 83' lang='lat' dir='ltr'><strong>ad</strong></span> <span class='ocrx_word' id='word_1_110' title='bbox 1178 1893 1270 1959; x_wconf 87' lang='lat' dir='ltr'><strong>rupes</strong></span> 
     </span>
     <span class='ocr_line' id='line_1_16' title="bbox 13 1975 1269 2062; baseline 0.002 -21"><span class='ocrx_word' id='word_1_111' title='bbox 13 1979 139 2043; x_wconf 80' lang='lat' dir='ltr'><strong>roratas</strong></span> <span class='ocrx_word' id='word_1_112' title='bbox 174 1993 261 2041; x_wconf 85' lang='lat' dir='ltr'><strong>secus</strong></span> <span class='ocrx_word' id='word_1_113' title='bbox 291 1975 424 2042; x_wconf 86' lang='lat' dir='ltr'><strong>rivulum</strong></span> <span class='ocrx_word' id='word_1_114' title='bbox 453 1977 610 2060; x_wconf 84' lang='lat' dir='ltr'><strong>petrosum</strong></span> <span class='ocrx_word' id='word_1_115' title='bbox 638 1976 678 2043; x_wconf 85' lang='lat' dir='ltr'><strong>ad</strong></span> <span class='ocrx_word' id='word_1_116' title='bbox 708 1977 893 2062; x_wconf 75' lang='lat' dir='ltr'><strong>Bcddgolost</strong></span> <span class='ocrx_word' id='word_1_117' title='bbox 928 1975 1101 2059; x_wconf 84' lang='lat' dir='ltr'><strong>provinciae</strong></span> <span class='ocrx_word' id='word_1_118' title='bbox 1131 1976 1269 2062; x_wconf 87' lang='lat' dir='ltr'><strong>ejusdem</strong></span> 
     </span>
     <span class='ocr_line' id='line_1_17' title="bbox 13 2079 1270 2167; baseline 0 -21"><span class='ocrx_word' id='word_1_119' title='bbox 13 2133 20 2146; x_wconf 94' lang='lat'><strong>.</strong></span> <span class='ocrx_word' id='word_1_120' title='bbox 48 2081 162 2158; x_wconf 72' lang='lat' dir='ltr'><strong>Hom,</strong></span> <span class='ocrx_word' id='word_1_121' title='bbox 190 2079 257 2147; x_wconf 84' lang='lat' dir='ltr'><strong>loco</strong></span> <span class='ocrx_word' id='word_1_122' title='bbox 287 2079 382 2146; x_wconf 87' lang='lat' dir='ltr'><strong>simili</strong></span> <span class='ocrx_word' id='word_1_123' title='bbox 413 2081 451 2148; x_wconf 84' lang='lat' dir='ltr'><strong>ad</strong></span> <span class='ocrx_word' id='word_1_124' title='bbox 474 2080 707 2167; x_wconf 79' lang='lat' dir='ltr'><strong>Holliupwurtb</strong></span> <span class='ocrx_word' id='word_1_125' title='bbox 734 2080 839 2147; x_wconf 82' lang='lat' dir='ltr'><strong>comit.</strong></span> <span class='ocrx_word' id='word_1_126' title='bbox 872 2079 1019 2146; x_wconf 78' lang='lat' dir='ltr'><strong>Obcsbirc</strong></span> <span class='ocrx_word' id='word_1_127' title='bbox 1048 2081 1099 2164; x_wconf 88' lang='lat' dir='ltr'><strong>(R.</strong></span> <span class='ocrx_word' id='word_1_128' title='bbox 1131 2079 1270 2148; x_wconf 75' lang='lat' dir='ltr'><strong>Senone-</strong></span> 
     </span>
     <span class='ocr_line' id='line_1_18' title="bbox 12 2183 1270 2272; baseline 0.002 -22"><span class='ocrx_word' id='word_1_129' title='bbox 12 2189 104 2268; x_wconf 82' lang='lat' dir='ltr'><strong>nun),</strong></span> <span class='ocrx_word' id='word_1_130' title='bbox 129 2203 223 2269; x_wconf 86' lang='lat' dir='ltr'><strong>prope</strong></span> <span class='ocrx_word' id='word_1_131' title='bbox 248 2184 364 2251; x_wconf 80' lang='lat' dir='ltr'><strong>Booten</strong></span> <span class='ocrx_word' id='word_1_132' title='bbox 386 2185 586 2253; x_wconf 82' lang='lat' dir='ltr'><strong>Lancaetriac</strong></span> <span class='ocrx_word' id='word_1_133' title='bbox 600 2184 836 2270; x_wconf 80' lang='lat' dir='ltr'><strong>(annumn),</strong></span> <span class='ocrx_word' id='word_1_134' title='bbox 859 2183 961 2253; x_wconf 79' lang='lat' dir='ltr'><strong>fructu</strong></span> <span class='ocrx_word' id='word_1_135' title='bbox 984 2205 1054 2253; x_wconf 85' lang='lat' dir='ltr'><strong>raro</strong></span> <span class='ocrx_word' id='word_1_136' title='bbox 1077 2205 1169 2272; x_wconf 88' lang='lat' dir='ltr'><strong>prope</strong></span> <span class='ocrx_word' id='word_1_137' title='bbox 1185 2187 1270 2252; x_wconf 83' lang='lat' dir='ltr'><strong>Pou-</strong></span> 
     </span>
     <span class='ocr_line' id='line_1_19' title="bbox 12 2289 1269 2378; baseline 0.002 -22"><span class='ocrx_word' id='word_1_138' title='bbox 12 2313 82 2357; x_wconf 79' lang='lat' dir='ltr'><strong>mce</strong></span> <span class='ocrx_word' id='word_1_139' title='bbox 106 2290 305 2358; x_wconf 79' lang='lat' dir='ltr'><strong>Cornvnlliue</strong></span> <span class='ocrx_word' id='word_1_140' title='bbox 328 2289 393 2376; x_wconf 86' lang='lat' dir='ltr'><strong>(W.</strong></span> <span class='ocrx_word' id='word_1_141' title='bbox 417 2290 581 2374; x_wconf 79' lang='lat' dir='ltr'><strong>Ounuow),</strong></span> <span class='ocrx_word' id='word_1_142' title='bbox 604 2311 650 2374; x_wconf 91' lang='lat' dir='ltr'><strong>pr.</strong></span> <span class='ocrx_word' id='word_1_143' title='bbox 678 2291 875 2357; x_wconf 79' lang='lat' dir='ltr'><strong>Todmordm</strong></span> <span class='ocrx_word' id='word_1_144' title='bbox 898 2289 1073 2378; x_wconf 77' lang='lat' dir='ltr'><strong>(Nouum),</strong></span> <span class='ocrx_word' id='word_1_145' title='bbox 1096 2291 1136 2358; x_wconf 87' lang='lat' dir='ltr'><strong>ad</strong></span> <span class='ocrx_word' id='word_1_146' title='bbox 1157 2291 1195 2358; x_wconf 85' lang='lat' dir='ltr'><strong>ad</strong></span> <span class='ocrx_word' id='word_1_147' title='bbox 1218 2309 1269 2358; x_wconf 90' lang='lat' dir='ltr'><strong>ca·</strong></span> 
     </span>
     <span class='ocr_line' id='line_1_20' title="bbox 12 2395 1271 2482; baseline -0.001 -20"><span class='ocrx_word' id='word_1_148' title='bbox 12 2401 147 2464; x_wconf 58' lang='lat' dir='ltr'><strong>tractam</strong></span> <span class='ocrx_word' id='word_1_149' title='bbox 185 2395 267 2463; x_wconf 83' lang='lat' dir='ltr'><strong>inter</strong></span> <span class='ocrx_word' id='word_1_150' title='bbox 304 2414 419 2482; x_wconf 87' lang='lat' dir='ltr'><strong>pagum</strong></span> <span class='ocrx_word' id='word_1_151' title='bbox 456 2395 632 2462; x_wconf 64' lang='lat' dir='ltr'><strong>memorre</strong></span> <span class='ocrx_word' id='word_1_152' title='bbox 662 2399 695 2462; x_wconf 86' lang='lat' dir='ltr'><strong>et</strong></span> <span class='ocrx_word' id='word_1_153' title='bbox 724 2397 757 2462; x_wconf 81' lang='lat' dir='ltr'><strong>lo</strong></span> <span class='ocrx_word' id='word_1_154' title='bbox 783 2396 928 2480; x_wconf 75' lang='lat' dir='ltr'><strong>soutoim</strong></span> <span class='ocrx_word' id='word_1_155' title='bbox 963 2395 1142 2479; x_wconf 76' lang='lat' dir='ltr'><strong>adsurcaoc</strong></span> <span class='ocrx_word' id='word_1_156' title='bbox 1178 2414 1271 2481; x_wconf 89' lang='lat' dir='ltr'><strong>prope</strong></span> 
     </span>
     <span class='ocr_line' id='line_1_21' title="bbox 12 2499 1270 2587; baseline -0.001 -21"><span class='ocrx_word' id='word_1_157' title='bbox 12 2503 156 2586; x_wconf 66' lang='lat' dir='ltr'><strong>bonoim</strong></span> <span class='ocrx_word' id='word_1_158' title='bbox 180 2501 219 2567; x_wconf 77' lang='lat' dir='ltr'><strong>do</strong></span> <span class='ocrx_word' id='word_1_159' title='bbox 241 2499 375 2587; x_wconf 75' lang='lat' dir='ltr'><strong>Bigorra</strong></span> <span class='ocrx_word' id='word_1_160' title='bbox 397 2499 605 2585; x_wconf 83' lang='lat' dir='ltr'><strong>copiosissime</strong></span> <span class='ocrx_word' id='word_1_161' title='bbox 628 2499 681 2566; x_wconf 85' lang='lat' dir='ltr'><strong>esd</strong></span> <span class='ocrx_word' id='word_1_162' title='bbox 711 2499 816 2566; x_wconf 84' lang='lat' dir='ltr'><strong>sterile</strong></span> <span class='ocrx_word' id='word_1_163' title='bbox 844 2499 926 2580; x_wconf 85' lang='lat' dir='ltr'><strong>vidi,</strong></span> <span class='ocrx_word' id='word_1_164' title='bbox 954 2500 991 2567; x_wconf 90' lang='lat' dir='ltr'><strong>ut</strong></span> <span class='ocrx_word' id='word_1_165' title='bbox 1019 2501 1051 2566; x_wconf 89' lang='lat' dir='ltr'><strong>et</strong></span> <span class='ocrx_word' id='word_1_166' title='bbox 1077 2499 1202 2584; x_wconf 88' lang='lat' dir='ltr'><strong>insuper</strong></span> <span class='ocrx_word' id='word_1_167' title='bbox 1232 2501 1270 2568; x_wconf 83' lang='lat' dir='ltr'><strong>ad</strong></span> 
     </span>
     <span class='ocr_line' id='line_1_22' title="bbox 11 2605 1273 2691; baseline 0.004 -21"><span class='ocrx_word' id='word_1_168' title='bbox 11 2627 74 2690; x_wconf 80' lang='lat' dir='ltr'><strong>ipos</strong></span> <span class='ocrx_word' id='word_1_169' title='bbox 98 2607 253 2672; x_wconf 83' lang='lat' dir='ltr'><strong>irroratus</strong></span> <span class='ocrx_word' id='word_1_170' title='bbox 274 2605 355 2674; x_wconf 81' lang='lat' dir='ltr'><strong>infra</strong></span> <span class='ocrx_word' id='word_1_171' title='bbox 376 2607 564 2674; x_wconf 70' lang='lat' dir='ltr'><strong>camacum</strong></span> <span class='ocrx_word' id='word_1_172' title='bbox 589 2605 679 2672; x_wconf 87' lang='lat' dir='ltr'><strong>vallis</strong></span> <span class='ocrx_word' id='word_1_173' title='bbox 703 2606 881 2672; x_wconf 76' lang='lat' dir='ltr'><strong>Gcroblsua</strong></span> <span class='ocrx_word' id='word_1_174' title='bbox 909 2624 1004 2691; x_wconf 92' lang='lat' dir='ltr'><strong>prope</strong></span> <span class='ocrx_word' id='word_1_175' title='bbox 1025 2605 1273 2691; x_wconf 70' lang='lat' dir='ltr'><strong>Badeo-Badeo,</strong></span> 
     </span>
     <span class='ocr_line' id='line_1_23' title="bbox 11 2709 1273 2796; baseline 0 -19"><span class='ocrx_word' id='word_1_176' title='bbox 11 2713 36 2778; x_wconf 92' lang='lat' dir='ltr'><strong>ni</strong></span> <span class='ocrx_word' id='word_1_177' title='bbox 59 2711 272 2796; x_wconf 86' lang='lat' dir='ltr'><strong>pulcherrime</strong></span> <span class='ocrx_word' id='word_1_178' title='bbox 293 2711 396 2796; x_wconf 79' lang='lat' dir='ltr'><strong>viget3</strong></span> <span class='ocrx_word' id='word_1_179' title='bbox 419 2711 452 2777; x_wconf 89' lang='lat' dir='ltr'><strong>iu</strong></span> <span class='ocrx_word' id='word_1_180' title='bbox 467 2710 589 2796; x_wconf 87' lang='lat' dir='ltr'><strong>Vogeso</strong></span> <span class='ocrx_word' id='word_1_181' title='bbox 612 2711 767 2794; x_wconf 77' lang='lat' dir='ltr'><strong>suponore</strong></span> <span class='ocrx_word' id='word_1_182' title='bbox 789 2712 928 2794; x_wconf 84' lang='lat' dir='ltr'><strong>tompore</strong></span> <span class='ocrx_word' id='word_1_183' title='bbox 950 2709 1118 2778; x_wconf 87' lang='lat' dir='ltr'><strong>recentiore</strong></span> <span class='ocrx_word' id='word_1_184' title='bbox 1141 2711 1174 2776; x_wconf 92' lang='lat' dir='ltr'><strong>in</strong></span> <span class='ocrx_word' id='word_1_185' title='bbox 1188 2712 1273 2796; x_wconf 91' lang='lat' dir='ltr'><strong>rupi·</strong></span> 
     </span>
     <span class='ocr_line' id='line_1_24' title="bbox 11 2814 1273 2900; baseline -0.001 -18"><span class='ocrx_word' id='word_1_186' title='bbox 11 2837 41 2883; x_wconf 88' lang='lat' dir='ltr'><strong>us</strong></span> <span class='ocrx_word' id='word_1_187' title='bbox 64 2814 228 2884; x_wconf 80' lang='lat' dir='ltr'><strong>areneosis</strong></span> <span class='ocrx_word' id='word_1_188' title='bbox 250 2817 281 2882; x_wconf 88' lang='lat' dir='ltr'><strong>et</strong></span> <span class='ocrx_word' id='word_1_189' title='bbox 302 2815 464 2900; x_wconf 61' lang='lat' dir='ltr'><strong>munificis</strong></span> <span class='ocrx_word' id='word_1_190' title='bbox 487 2834 573 2882; x_wconf 83' lang='lat' dir='ltr'><strong>scone</strong></span> <span class='ocrx_word' id='word_1_191' title='bbox 595 2817 783 2893; x_wconf 68' lang='lat' dir='ltr'><strong>cunctas,</strong></span> <span class='ocrx_word' id='word_1_192' title='bbox 805 2815 874 2882; x_wconf 92' lang='lat' dir='ltr'><strong>loco</strong></span> <span class='ocrx_word' id='word_1_193' title='bbox 896 2814 1158 2882; x_wconf 64' lang='lat' dir='ltr'><strong>&amp;cedmonaeos</strong></span> <span class='ocrx_word' id='word_1_194' title='bbox 1179 2833 1273 2899; x_wconf 88' lang='lat' dir='ltr'><strong>prope</strong></span> 
     </span>
     <span class='ocr_line' id='line_1_25' title="bbox 11 2918 1273 3004; baseline 0.001 -20"><span class='ocrx_word' id='word_1_195' title='bbox 11 2921 192 2986; x_wconf 64' lang='lat' dir='ltr'><strong>lorardmer</strong></span> <span class='ocrx_word' id='word_1_196' title='bbox 215 2919 288 2986; x_wconf 80' lang='lat' dir='ltr'><strong>lieu.</strong></span> <span class='ocrx_word' id='word_1_197' title='bbox 305 2919 433 2986; x_wconf 76' lang='lat' dir='ltr'><strong>eonon</strong></span> <span class='ocrx_word' id='word_1_198' title='bbox 454 2919 532 3004; x_wconf 86' lang='lat' dir='ltr'><strong>legit</strong></span> <span class='ocrx_word' id='word_1_199' title='bbox 556 2921 587 2986; x_wconf 79' lang='lat' dir='ltr'><strong>ei</strong></span> <span class='ocrx_word' id='word_1_200' title='bbox 610 2937 703 3002; x_wconf 92' lang='lat' dir='ltr'><strong>prope</strong></span> <span class='ocrx_word' id='word_1_201' title='bbox 718 2918 1095 3004; x_wconf 64' lang='lat' dir='ltr'><strong>nuncuparemur.</strong></span> <span class='ocrx_word' id='word_1_202' title='bbox 1126 2919 1162 2983; x_wconf 95' lang='lat' dir='ltr'><strong>In</strong></span> <span class='ocrx_word' id='word_1_203' title='bbox 1185 2938 1273 2985; x_wconf 93' lang='lat' dir='ltr'><strong>mon·</strong></span> 
     </span>
     <span class='ocr_line' id='line_1_26' title="bbox 11 3021 1272 3107; baseline -0.001 -19"><span class='ocrx_word' id='word_1_204' title='bbox 11 3025 61 3090; x_wconf 80' lang='lat' dir='ltr'><strong>sis</strong></span> <span class='ocrx_word' id='word_1_205' title='bbox 86 3022 273 3090; x_wconf 75' lang='lat' dir='ltr'><strong>Armoricae</strong></span> <span class='ocrx_word' id='word_1_206' title='bbox 294 3021 446 3090; x_wconf 79' lang='lat' dir='ltr'><strong>inferioris</strong></span> <span class='ocrx_word' id='word_1_207' title='bbox 469 3023 585 3107; x_wconf 88' lang='lat' dir='ltr'><strong>primns</strong></span> <span class='ocrx_word' id='word_1_208' title='bbox 608 3022 753 3102; x_wconf 88' lang='lat' dir='ltr'><strong>omnium,</strong></span> <span class='ocrx_word' id='word_1_209' title='bbox 776 3024 814 3088; x_wconf 91' lang='lat' dir='ltr'><strong>ut</strong></span> <span class='ocrx_word' id='word_1_210' title='bbox 833 3021 965 3101; x_wconf 84' lang='lat' dir='ltr'><strong>videtur,</strong></span> <span class='ocrx_word' id='word_1_211' title='bbox 987 3022 1062 3090; x_wconf 86' lang='lat' dir='ltr'><strong>olnr.</strong></span> <span class='ocrx_word' id='word_1_212' title='bbox 1085 3023 1134 3088; x_wconf 80' lang='lat' dir='ltr'><strong>De</strong></span> <span class='ocrx_word' id='word_1_213' title='bbox 1155 3038 1194 3088; x_wconf 83' lang='lat' dir='ltr'><strong>us</strong></span> <span class='ocrx_word' id='word_1_214' title='bbox 1210 3023 1272 3087; x_wconf 80' lang='lat' dir='ltr'><strong>Pn-</strong></span> 
     </span>
     <span class='ocr_line' id='line_1_27' title="bbox 11 3127 270 3194; baseline 0 0"><span class='ocrx_word' id='word_1_215' title='bbox 11 3147 56 3194; x_wconf 66' lang='grc' dir='ltr'><strong>ιιι</strong></span> <span class='ocrx_word' id='word_1_216' title='bbox 80 3127 270 3194; x_wconf 79' lang='lat' dir='ltr'><strong>observavit</strong></span> 
     </span>
     <span class='ocr_line' id='line_1_28' title="bbox 75 3226 1270 3311; baseline -0.004 -12"><span class='ocrx_word' id='word_1_217' title='bbox 75 3231 192 3299; x_wconf 80' lang='lat' dir='ltr'><strong>Frucl.</strong></span> <span class='ocrx_word' id='word_1_218' title='bbox 215 3237 331 3296; x_wconf 80' lang='lat' dir='ltr'><strong>matur.</strong></span> <span class='ocrx_word' id='word_1_219' title='bbox 353 3230 497 3310; x_wconf 81' lang='lat' dir='ltr'><strong>Octobri,</strong></span> <span class='ocrx_word' id='word_1_220' title='bbox 519 3229 698 3297; x_wconf 80' lang='lat' dir='ltr'><strong>Novembri.</strong></span> <span class='ocrx_word' id='word_1_221' title='bbox 744 3231 874 3296; x_wconf 80' lang='lat' dir='ltr'><strong>Fructus</strong></span> <span class='ocrx_word' id='word_1_222' title='bbox 898 3226 1057 3296; x_wconf 71' lang='lat' dir='ltr'><strong>mnesime</strong></span> <span class='ocrx_word' id='word_1_223' title='bbox 1078 3226 1270 3311; x_wconf 81' lang='lat' dir='ltr'><strong>proueniunt.</strong></span> 
     </span>
     <span class='ocr_line' id='line_1_29' title="bbox 74 3357 1272 3436; baseline -0.003 -16"><span class='ocrx_word' id='word_1_224' title='bbox 74 3361 190 3422; x_wconf 84' lang='lat' dir='ltr'><strong>Planta</strong></span> <span class='ocrx_word' id='word_1_225' title='bbox 205 3360 434 3436; x_wconf 83' lang='lat' dir='ltr'><strong>elegantissima,</strong></span> <span class='ocrx_word' id='word_1_226' title='bbox 456 3359 549 3420; x_wconf 88' lang='lat' dir='ltr'><strong>colore</strong></span> <span class='ocrx_word' id='word_1_227' title='bbox 572 3359 697 3436; x_wconf 85' lang='lat' dir='ltr'><strong>insignis</strong></span> <span class='ocrx_word' id='word_1_228' title='bbox 719 3359 921 3420; x_wconf 85' lang='lat' dir='ltr'><strong>amoenissimo</strong></span> <span class='ocrx_word' id='word_1_229' title='bbox 943 3357 1038 3430; x_wconf 71' lang='lat' dir='ltr'><strong>vindi,</strong></span> <span class='ocrx_word' id='word_1_230' title='bbox 1061 3357 1160 3418; x_wconf 80' lang='lat' dir='ltr'><strong>aetate</strong></span> <span class='ocrx_word' id='word_1_231' title='bbox 1179 3358 1272 3417; x_wconf 83' lang='lat' dir='ltr'><strong>lutos-</strong></span> 
     </span>
     <span class='ocr_line' id='line_1_30' title="bbox 11 3444 1272 3522; baseline 0 -16"><span class='ocrx_word' id='word_1_232' title='bbox 11 3453 81 3520; x_wconf 77' lang='lat' dir='ltr'><strong>sutc,</strong></span> <span class='ocrx_word' id='word_1_233' title='bbox 105 3447 273 3508; x_wconf 78' lang='lat' dir='ltr'><strong>stolonibus</strong></span> <span class='ocrx_word' id='word_1_234' title='bbox 294 3447 407 3508; x_wconf 87' lang='lat' dir='ltr'><strong>caulem</strong></span> <span class='ocrx_word' id='word_1_235' title='bbox 430 3447 557 3508; x_wconf 80' lang='lat' dir='ltr'><strong>sterilem</strong></span> <span class='ocrx_word' id='word_1_236' title='bbox 580 3447 822 3508; x_wconf 88' lang='lat' dir='ltr'><strong>continuantibus</strong></span> <span class='ocrx_word' id='word_1_237' title='bbox 843 3445 1023 3522; x_wconf 78' lang='lat' dir='ltr'><strong>longissimis</strong></span> <span class='ocrx_word' id='word_1_238' title='bbox 1044 3444 1162 3506; x_wconf 81' lang='lat' dir='ltr'><strong>tandem</strong></span> <span class='ocrx_word' id='word_1_239' title='bbox 1184 3445 1272 3506; x_wconf 86' lang='lat' dir='ltr'><strong>donee</strong></span> 
     </span>
     <span class='ocr_line' id='line_1_31' title="bbox 11 3532 1273 3606; baseline -0.001 -12"><span class='ocrx_word' id='word_1_240' title='bbox 11 3533 295 3606; x_wconf 81' lang='lat' dir='ltr'><strong>innato-ramulosis,</strong></span> <span class='ocrx_word' id='word_1_241' title='bbox 317 3534 396 3595; x_wconf 81' lang='lat' dir='ltr'><strong>foliis</strong></span> <span class='ocrx_word' id='word_1_242' title='bbox 418 3534 688 3596; x_wconf 85' lang='lat' dir='ltr'><strong>dilatato-cordatis</strong></span> <span class='ocrx_word' id='word_1_243' title='bbox 711 3533 847 3594; x_wconf 76' lang='lat' dir='ltr'><strong>oonmvie</strong></span> <span class='ocrx_word' id='word_1_244' title='bbox 868 3533 1002 3596; x_wconf 80' lang='lat' dir='ltr'><strong>siccitate</strong></span> <span class='ocrx_word' id='word_1_245' title='bbox 1023 3532 1088 3594; x_wconf 81' lang='lat' dir='ltr'><strong>laxe</strong></span> <span class='ocrx_word' id='word_1_246' title='bbox 1111 3532 1273 3594; x_wconf 83' lang='lat' dir='ltr'><strong>imbricatis</strong></span> 
     </span>
     <span class='ocr_line' id='line_1_32' title="bbox 11 3619 1273 3696; baseline -0.002 -14"><span class='ocrx_word' id='word_1_247' title='bbox 11 3623 65 3682; x_wconf 82' lang='lat' dir='ltr'><strong>nuli</strong></span> <span class='ocrx_word' id='word_1_248' title='bbox 88 3622 254 3683; x_wconf 84' lang='lat' dir='ltr'><strong>arctissime</strong></span> <span class='ocrx_word' id='word_1_249' title='bbox 277 3621 513 3682; x_wconf 87' lang='lat' dir='ltr'><strong>adhaerentibus.</strong></span> <span class='ocrx_word' id='word_1_250' title='bbox 558 3621 656 3682; x_wconf 82' lang='lat' dir='ltr'><strong>Gauiis</strong></span> <span class='ocrx_word' id='word_1_251' title='bbox 686 3620 793 3682; x_wconf 78' lang='lat' dir='ltr'><strong>fertilis</strong></span> <span class='ocrx_word' id='word_1_252' title='bbox 824 3621 918 3681; x_wconf 88' lang='lat' dir='ltr'><strong>sterili</strong></span> <span class='ocrx_word' id='word_1_253' title='bbox 947 3638 1060 3696; x_wconf 87' lang='lat' dir='ltr'><strong>semper</strong></span> <span class='ocrx_word' id='word_1_254' title='bbox 1082 3619 1197 3681; x_wconf 77' lang='lat' dir='ltr'><strong>brevior</strong></span> <span class='ocrx_word' id='word_1_255' title='bbox 1219 3623 1273 3694; x_wconf 82' lang='lat' dir='ltr'><strong>est,</strong></span> 
     </span>
    </p>
   </div>
   <div class='ocr_carea' id='block_1_8' title="bbox 11 3707 1273 3872">
    <p class='ocr_par' dir='ltr' id='par_1_8' title="bbox 11 3707 1273 3872">
     <span class='ocr_line' id='line_1_33' title="bbox 11 3707 1273 3785; baseline 0 -17"><span class='ocrx_word' id='word_1_256' title='bbox 11 3711 157 3782; x_wconf 73' lang='lat' dir='ltr'><strong>buatius,</strong></span> <span class='ocrx_word' id='word_1_257' title='bbox 193 3711 461 3782; x_wconf 88' lang='lat' dir='ltr'><strong>arcuato-erectus,</strong></span> <span class='ocrx_word' id='word_1_258' title='bbox 493 3709 632 3785; x_wconf 81' lang='lat' dir='ltr'><strong>capsulae</strong></span> <span class='ocrx_word' id='word_1_259' title='bbox 661 3707 820 3784; x_wconf 81' lang='lat' dir='ltr'><strong>pedicellus</strong></span> <span class='ocrx_word' id='word_1_260' title='bbox 842 3709 1011 3770; x_wconf 87' lang='lat' dir='ltr'><strong>densissime</strong></span> <span class='ocrx_word' id='word_1_261' title='bbox 1035 3707 1197 3784; x_wconf 81' lang='lat' dir='ltr'><strong>pupillosus</strong></span> <span class='ocrx_word' id='word_1_262' title='bbox 1219 3725 1273 3768; x_wconf 89' lang='lat' dir='ltr'><strong>neo</strong></span> 
     </span>
     <span class='ocr_line' id='line_1_34' title="bbox 11 3795 1226 3872; baseline 0 -16"><span class='ocrx_word' id='word_1_263' title='bbox 11 3797 92 3868; x_wconf 79' lang='lat' dir='ltr'><strong>levis,</strong></span> <span class='ocrx_word' id='word_1_264' title='bbox 117 3798 152 3856; x_wconf 88' lang='lat' dir='ltr'><strong>ut</strong></span> <span class='ocrx_word' id='word_1_265' title='bbox 175 3797 210 3858; x_wconf 87' lang='lat' dir='ltr'><strong>cl.</strong></span> <span class='ocrx_word' id='word_1_266' title='bbox 234 3797 359 3856; x_wconf 74' lang='lat' dir='ltr'><strong>Monens</strong></span> <span class='ocrx_word' id='word_1_267' title='bbox 381 3814 446 3858; x_wconf 83' lang='lat' dir='ltr'><strong>eum</strong></span> <span class='ocrx_word' id='word_1_268' title='bbox 469 3797 549 3869; x_wconf 86' lang='lat' dir='ltr'><strong>dicit,</strong></span> <span class='ocrx_word' id='word_1_269' title='bbox 571 3795 737 3872; x_wconf 84' lang='lat' dir='ltr'><strong>operculum</strong></span> <span class='ocrx_word' id='word_1_270' title='bbox 760 3795 940 3870; x_wconf 86' lang='lat' dir='ltr'><strong>apiculatum</strong></span> <span class='ocrx_word' id='word_1_271' title='bbox 962 3811 1016 3858; x_wconf 89' lang='lat' dir='ltr'><strong>neo</strong></span> <span class='ocrx_word' id='word_1_272' title='bbox 1041 3795 1226 3858; x_wconf 73' lang='lat' dir='ltr'><strong>›obtusum‹.</strong></span> 
     </span>
    </p>
   </div>
   <div class='ocr_carea' id='block_1_9' title="bbox 412 3999 853 4222">
    <p class='ocr_par' dir='ltr' id='par_1_9' title="bbox 412 3999 853 4222">
     <span class='ocr_line' id='line_1_35' title="bbox 412 3999 853 4097; baseline -0.005 -19"><span class='ocrx_word' id='word_1_273' title='bbox 412 3999 491 4078; x_wconf 85' lang='lat' dir='ltr'><strong>(len</strong></span> <span class='ocrx_word' id='word_1_274' title='bbox 513 4003 544 4079; x_wconf 80' lang='grc' dir='ltr'><strong>ὃ.</strong></span> <span class='ocrx_word' id='word_1_275' title='bbox 591 3999 853 4097; x_wconf 77' lang='lat' dir='ltr'><strong>Enrhpnobium.</strong></span> 
     </span>
     <span class='ocr_line' id='line_1_36' title="bbox 497 4145 769 4222; baseline -0.011 -15"><span class='ocrx_word' id='word_1_276' title='bbox 497 4147 565 4207; x_wconf 81' lang='lat' dir='ltr'><strong>Seu.</strong></span> <span class='ocrx_word' id='word_1_277' title='bbox 587 4145 686 4222; x_wconf 80' lang='lat' dir='ltr'><strong>Bryol.</strong></span> <span class='ocrx_word' id='word_1_278' title='bbox 708 4161 769 4204; x_wconf 86' lang='lat' dir='ltr'><strong>cur.</strong></span> 
     </span>
    </p>
   </div>
   <div class='ocr_carea' id='block_1_10' title="bbox 11 4283 1272 4692">
    <p class='ocr_par' dir='ltr' id='par_1_10' title="bbox 11 4283 1272 4692">
     <span class='ocr_line' id='line_1_37' title="bbox 79 4283 1272 4378; baseline -0.01 -18"><span class='ocrx_word' id='word_1_279' title='bbox 79 4293 213 4361; x_wconf 80' lang='lat' dir='ltr'><strong>Plantae</strong></span> <span class='ocrx_word' id='word_1_280' title='bbox 227 4293 369 4378; x_wconf 86' lang='lat' dir='ltr'><strong>repentes</strong></span> <span class='ocrx_word' id='word_1_281' title='bbox 384 4295 416 4360; x_wconf 88' lang='lat' dir='ltr'><strong>et</strong></span> <span class='ocrx_word' id='word_1_282' title='bbox 429 4293 636 4372; x_wconf 75' lang='lat' dir='ltr'><strong>aemudentes,</strong></span> <span class='ocrx_word' id='word_1_283' title='bbox 659 4291 776 4359; x_wconf 85' lang='lat' dir='ltr'><strong>modice</strong></span> <span class='ocrx_word' id='word_1_284' title='bbox 791 4290 976 4368; x_wconf 70' lang='lat' dir='ltr'><strong>mdioaums,</strong></span> <span class='ocrx_word' id='word_1_285' title='bbox 996 4284 1169 4354; x_wconf 89' lang='lat' dir='ltr'><strong>stolonibus</strong></span> <span class='ocrx_word' id='word_1_286' title='bbox 1183 4283 1272 4349; x_wconf 92' lang='lat' dir='ltr'><strong>iuno-</strong></span> 
     </span>
     <span class='ocr_line' id='line_1_38' title="bbox 13 4387 1271 4482; baseline -0.01 -16"><span class='ocrx_word' id='word_1_287' title='bbox 13 4401 103 4466; x_wconf 76' lang='lat' dir='ltr'><strong>entee</strong></span> <span class='ocrx_word' id='word_1_288' title='bbox 126 4399 175 4465; x_wconf 85' lang='lat' dir='ltr'><strong>vel</strong></span> <span class='ocrx_word' id='word_1_289' title='bbox 198 4417 215 4463; x_wconf 95' lang='lat' dir='ltr'><strong>e</strong></span> <span class='ocrx_word' id='word_1_290' title='bbox 236 4397 334 4466; x_wconf 82' lang='lat' dir='ltr'><strong>oeulis</strong></span> <span class='ocrx_word' id='word_1_291' title='bbox 356 4400 388 4465; x_wconf 88' lang='lat' dir='ltr'><strong>et</strong></span> <span class='ocrx_word' id='word_1_292' title='bbox 411 4417 565 4466; x_wconf 72' lang='lat' dir='ltr'><strong>romonum</strong></span> <span class='ocrx_word' id='word_1_293' title='bbox 588 4397 672 4482; x_wconf 87' lang='lat' dir='ltr'><strong>epioe</strong></span> <span class='ocrx_word' id='word_1_294' title='bbox 694 4395 872 4474; x_wconf 82' lang='lat' dir='ltr'><strong>continuae,</strong></span> <span class='ocrx_word' id='word_1_295' title='bbox 900 4393 972 4480; x_wconf 92' lang='lat' dir='ltr'><strong>plns</strong></span> <span class='ocrx_word' id='word_1_296' title='bbox 1000 4389 1102 4458; x_wconf 89' lang='lat' dir='ltr'><strong>minus</strong></span> <span class='ocrx_word' id='word_1_297' title='bbox 1124 4387 1271 4456; x_wconf 86' lang='lat' dir='ltr'><strong>distincte</strong></span> 
     </span>
     <span class='ocr_line' id='line_1_39' title="bbox 11 4491 1271 4586; baseline -0.008 -19"><span class='ocrx_word' id='word_1_298' title='bbox 11 4503 320 4582; x_wconf 77' lang='lat' dir='ltr'><strong>innato-remulcum,</strong></span> <span class='ocrx_word' id='word_1_299' title='bbox 343 4503 442 4586; x_wconf 82' lang='lat' dir='ltr'><strong>quoad</strong></span> <span class='ocrx_word' id='word_1_300' title='bbox 463 4503 605 4570; x_wconf 89' lang='lat' dir='ltr'><strong>habitum</strong></span> <span class='ocrx_word' id='word_1_301' title='bbox 627 4503 660 4568; x_wconf 84' lang='lat' dir='ltr'><strong>et</strong></span> <span class='ocrx_word' id='word_1_302' title='bbox 681 4499 886 4586; x_wconf 80' lang='lat' dir='ltr'><strong>vegetationis</strong></span> <span class='ocrx_word' id='word_1_303' title='bbox 900 4498 1021 4565; x_wconf 90' lang='lat' dir='ltr'><strong>modum</strong></span> <span class='ocrx_word' id='word_1_304' title='bbox 1035 4491 1271 4579; x_wconf 72' lang='lat' dir='ltr'><strong>Bruclptluo&#39;lo</strong></span> 
     </span>
     <span class='ocr_line' id='line_1_40' title="bbox 11 4598 1271 4692; baseline -0.009 -19"><span class='ocrx_word' id='word_1_305' title='bbox 11 4607 73 4674; x_wconf 85' lang='lat' dir='ltr'><strong>und</strong></span> <span class='ocrx_word' id='word_1_306' title='bbox 96 4605 275 4674; x_wconf 86' lang='lat' dir='ltr'><strong>dissimiles.</strong></span> <span class='ocrx_word' id='word_1_307' title='bbox 311 4605 398 4674; x_wconf 76' lang='lat' dir='ltr'><strong>lloliu</strong></span> <span class='ocrx_word' id='word_1_308' title='bbox 420 4607 553 4692; x_wconf 84' lang='lat' dir='ltr'><strong>undique</strong></span> <span class='ocrx_word' id='word_1_309' title='bbox 573 4603 723 4690; x_wconf 80' lang='lat' dir='ltr'><strong>petentis,</strong></span> <span class='ocrx_word' id='word_1_310' title='bbox 739 4622 809 4671; x_wconf 84' lang='lat' dir='ltr'><strong>raro</strong></span> <span class='ocrx_word' id='word_1_311' title='bbox 824 4601 1021 4682; x_wconf 86' lang='lat' dir='ltr'><strong>subsecundo,</strong></span> <span class='ocrx_word' id='word_1_312' title='bbox 1042 4598 1143 4666; x_wconf 84' lang='lat' dir='ltr'><strong>ebusi</strong></span> <span class='ocrx_word' id='word_1_313' title='bbox 1156 4615 1271 4684; x_wconf 84' lang='lat' dir='ltr'><strong>ungus-</strong></span> 
     </span>
    </p>
   </div>
   <div class='ocr_carea' id='block_1_11' title="bbox 0 0 1544 5246">
    <p class='ocr_par' dir='ltr' id='par_1_11' title="bbox 0 0 1544 5246">
     <span class='ocr_line' id='line_1_41' title="bbox 0 0 1544 5246; baseline 0 1"><span class='ocrx_word' id='word_1_314' title='bbox 0 0 1544 5246; x_wconf 95' lang='lat' dir='ltr'><strong> </strong></span> 
     </span>
    </p>
   </div>
  </div>
 </body>
</html>
