<?xml version="1.0" encoding="UTF-8"?>
<!DOCTYPE html PUBLIC "-//W3C//DTD XHTML 1.0 Transitional//EN"
    "http://www.w3.org/TR/xhtml1/DTD/xhtml1-transitional.dtd">
<html xmlns="http://www.w3.org/1999/xhtml" xml:lang="en" lang="en">
 <head>
  <title>
</title>
<meta http-equiv="Content-Type" content="text/html;charset=utf-8" />
  <meta name='ocr-system' content='tesseract 3.04.00' />
  <meta name='ocr-capabilities' content='ocr_page ocr_carea ocr_par ocr_line ocrx_word'/>
</head>
<body>
  <div class='ocr_page' id='page_1' title='image "./synopsismuscoru00schigoog_0180.png"; bbox 0 0 3268 5218; ppageno 0'>
   <div class='ocr_carea' id='block_1_1' title="bbox 287 259 1010 334">
    <p class='ocr_par' dir='ltr' id='par_1_1' title="bbox 287 259 1010 334">
     <span class='ocr_line' id='line_1_1' title="bbox 287 259 1010 334; baseline -0.003 -14"><span class='ocrx_word' id='word_1_1' title='bbox 287 261 327 334; x_wconf 79' lang='lat'><strong>16</strong></span> <span class='ocrx_word' id='word_1_2' title='bbox 836 259 1010 318; x_wconf 63' lang='lat' dir='ltr'><strong>Personae.</strong></span> 
     </span>
    </p>
   </div>
   <div class='ocr_carea' id='block_1_2' title="bbox 285 435 1604 1149">
    <p class='ocr_par' dir='ltr' id='par_1_2' title="bbox 285 435 1604 1149">
     <span class='ocr_line' id='line_1_2' title="bbox 286 435 1604 524; baseline -0.005 -18"><span class='ocrx_word' id='word_1_3' title='bbox 286 442 422 518; x_wconf 76' lang='lat' dir='ltr'><strong>incursa,</strong></span> <span class='ocrx_word' id='word_1_4' title='bbox 445 441 535 514; x_wconf 74' lang='lat' dir='ltr'><strong>oosta</strong></span> <span class='ocrx_word' id='word_1_5' title='bbox 558 439 662 506; x_wconf 86' lang='lat' dir='ltr'><strong>valida</strong></span> <span class='ocrx_word' id='word_1_6' title='bbox 683 441 837 504; x_wconf 82' lang='lat' dir='ltr'><strong>instructa</strong></span> <span class='ocrx_word' id='word_1_7' title='bbox 858 439 890 504; x_wconf 91' lang='lat' dir='ltr'><strong>in</strong></span> <span class='ocrx_word' id='word_1_8' title='bbox 905 437 1097 505; x_wconf 77' lang='lat' dir='ltr'><strong>inlerionlrns</strong></span> <span class='ocrx_word' id='word_1_9' title='bbox 1118 438 1176 504; x_wconf 84' lang='lat' dir='ltr'><strong>snb</strong></span> <span class='ocrx_word' id='word_1_10' title='bbox 1196 437 1282 521; x_wconf 79' lang='lat' dir='ltr'><strong>apios</strong></span> <span class='ocrx_word' id='word_1_11' title='bbox 1302 437 1335 502; x_wconf 88' lang='lat' dir='ltr'><strong>io</strong></span> <span class='ocrx_word' id='word_1_12' title='bbox 1357 435 1549 520; x_wconf 62' lang='lat' dir='ltr'><strong>sanationis&lt;</strong></span> <span class='ocrx_word' id='word_1_13' title='bbox 1603 497 1604 524; x_wconf 16' lang='grc' dir='ltr'><strong>χ</strong></span> 
     </span>
     <span class='ocr_line' id='line_1_3' title="bbox 285 539 1604 626; baseline -0.007 -16"><span class='ocrx_word' id='word_1_14' title='bbox 285 564 356 611; x_wconf 88' lang='lat' dir='ltr'><strong>enm</strong></span> <span class='ocrx_word' id='word_1_15' title='bbox 378 564 414 610; x_wconf 89' lang='lat' dir='ltr'><strong>eo</strong></span> <span class='ocrx_word' id='word_1_16' title='bbox 435 545 580 626; x_wconf 79' lang='lat' dir='ltr'><strong>abrupta,</strong></span> <span class='ocrx_word' id='word_1_17' title='bbox 603 544 653 610; x_wconf 86' lang='lat' dir='ltr'><strong>vel</strong></span> <span class='ocrx_word' id='word_1_18' title='bbox 673 542 706 608; x_wconf 89' lang='lat' dir='ltr'><strong>in</strong></span> <span class='ocrx_word' id='word_1_19' title='bbox 728 562 903 609; x_wconf 85' lang='lat' dir='ltr'><strong>mueronem</strong></span> <span class='ocrx_word' id='word_1_20' title='bbox 924 544 1046 609; x_wconf 86' lang='lat' dir='ltr'><strong>brevern</strong></span> <span class='ocrx_word' id='word_1_21' title='bbox 1067 543 1239 618; x_wconf 77' lang='lat' dir='ltr'><strong>assedente,</strong></span> <span class='ocrx_word' id='word_1_22' title='bbox 1260 541 1321 606; x_wconf 76' lang='lat' dir='ltr'><strong>reti</strong></span> <span class='ocrx_word' id='word_1_23' title='bbox 1336 539 1550 606; x_wconf 69' lang='lat' dir='ltr'><strong>interimam</strong></span> <span class='ocrx_word' id='word_1_24' title='bbox 1603 545 1604 574; x_wconf 48' lang='grc' dir='ltr'><strong>ι</strong></span> 
     </span>
     <span class='ocr_line' id='line_1_4' title="bbox 288 645 1552 732; baseline -0.006 -17"><span class='ocrx_word' id='word_1_25' title='bbox 288 649 424 731; x_wconf 83' lang='lat' dir='ltr'><strong>hyalino,</strong></span> <span class='ocrx_word' id='word_1_26' title='bbox 447 648 604 732; x_wconf 78' lang='lat' dir='ltr'><strong>superiore</strong></span> <span class='ocrx_word' id='word_1_27' title='bbox 625 647 957 730; x_wconf 86' lang='lat' dir='ltr'><strong>rotundato-quadrato</strong></span> <span class='ocrx_word' id='word_1_28' title='bbox 972 647 1062 713; x_wconf 83' lang='lat' dir='ltr'><strong>valdo</strong></span> <span class='ocrx_word' id='word_1_29' title='bbox 1074 646 1329 731; x_wconf 74' lang='lat' dir='ltr'><strong>chlompnylroeo.</strong></span> <span class='ocrx_word' id='word_1_30' title='bbox 1357 645 1466 710; x_wconf 73' lang='lat' dir='ltr'><strong>Floras</strong></span> <span class='ocrx_word' id='word_1_31' title='bbox 1479 663 1552 709; x_wconf 81' lang='lat' dir='ltr'><strong>nas·</strong></span> 
     </span>
     <span class='ocr_line' id='line_1_5' title="bbox 286 749 1553 837; baseline -0.006 -18"><span class='ocrx_word' id='word_1_32' title='bbox 286 755 349 819; x_wconf 89' lang='lat' dir='ltr'><strong>ouli</strong></span> <span class='ocrx_word' id='word_1_33' title='bbox 371 754 409 818; x_wconf 85' lang='lat' dir='ltr'><strong>ad</strong></span> <span class='ocrx_word' id='word_1_34' title='bbox 432 755 540 837; x_wconf 85' lang='lat' dir='ltr'><strong>pedern</strong></span> <span class='ocrx_word' id='word_1_35' title='bbox 564 752 704 835; x_wconf 80' lang='lat' dir='ltr'><strong>plantae,</strong></span> <span class='ocrx_word' id='word_1_36' title='bbox 727 751 817 818; x_wconf 85' lang='lat' dir='ltr'><strong>flores</strong></span> <span class='ocrx_word' id='word_1_37' title='bbox 839 750 1011 817; x_wconf 80' lang='lat' dir='ltr'><strong>bisexnales</strong></span> <span class='ocrx_word' id='word_1_38' title='bbox 1032 752 1195 818; x_wconf 78' lang='lat' dir='ltr'><strong>rarissimi.</strong></span> <span class='ocrx_word' id='word_1_39' title='bbox 1240 751 1391 835; x_wconf 68' lang='lat' dir='ltr'><strong>Calyptra</strong></span> <span class='ocrx_word' id='word_1_40' title='bbox 1412 749 1553 814; x_wconf 73' lang='lat' dir='ltr'><strong>mlhta</strong></span> 
     </span>
     <span class='ocr_line' id='line_1_6' title="bbox 287 855 1554 940; baseline -0.006 -15"><span class='ocrx_word' id='word_1_41' title='bbox 287 859 447 928; x_wconf 76' lang='lat' dir='ltr'><strong>suberecta</strong></span> <span class='ocrx_word' id='word_1_42' title='bbox 469 858 518 925; x_wconf 84' lang='lat' dir='ltr'><strong>nel</strong></span> <span class='ocrx_word' id='word_1_43' title='bbox 540 855 675 940; x_wconf 78' lang='lat' dir='ltr'><strong>obliqua,</strong></span> <span class='ocrx_word' id='word_1_44' title='bbox 698 875 769 922; x_wconf 89' lang='lat' dir='ltr'><strong>raro</strong></span> <span class='ocrx_word' id='word_1_45' title='bbox 791 855 903 922; x_wconf 84' lang='lat' dir='ltr'><strong>biloba.</strong></span> <span class='ocrx_word' id='word_1_46' title='bbox 942 855 1075 938; x_wconf 65' lang='lat' dir='ltr'><strong>&amp;esula</strong></span> <span class='ocrx_word' id='word_1_47' title='bbox 1095 857 1128 921; x_wconf 93' lang='lat' dir='ltr'><strong>in</strong></span> <span class='ocrx_word' id='word_1_48' title='bbox 1151 855 1297 939; x_wconf 85' lang='lat' dir='ltr'><strong>pedioollo</strong></span> <span class='ocrx_word' id='word_1_49' title='bbox 1318 855 1469 939; x_wconf 81' lang='lat' dir='ltr'><strong>naginnlr</strong></span> <span class='ocrx_word' id='word_1_50' title='bbox 1489 873 1554 936; x_wconf 75' lang='lat' dir='ltr'><strong>nan</strong></span> 
     </span>
     <span class='ocr_line' id='line_1_7' title="bbox 288 955 1556 1047; baseline -0.005 -17"><span class='ocrx_word' id='word_1_51' title='bbox 288 963 351 1030; x_wconf 86' lang='lat' dir='ltr'><strong>lum</strong></span> <span class='ocrx_word' id='word_1_52' title='bbox 374 962 515 1047; x_wconf 84' lang='lat' dir='ltr'><strong>longiore</strong></span> <span class='ocrx_word' id='word_1_53' title='bbox 537 963 656 1040; x_wconf 79' lang='lat' dir='ltr'><strong>ereata,</strong></span> <span class='ocrx_word' id='word_1_54' title='bbox 685 960 886 1044; x_wconf 77' lang='lat' dir='ltr'><strong>subglobosa,</strong></span> <span class='ocrx_word' id='word_1_55' title='bbox 908 961 1044 1026; x_wconf 83' lang='lat' dir='ltr'><strong>breviter</strong></span> <span class='ocrx_word' id='word_1_56' title='bbox 1064 963 1096 1026; x_wconf 83' lang='lat' dir='ltr'><strong>et</strong></span> <span class='ocrx_word' id='word_1_57' title='bbox 1117 961 1226 1026; x_wconf 87' lang='lat' dir='ltr'><strong>obtnsa</strong></span> <span class='ocrx_word' id='word_1_58' title='bbox 1246 960 1441 1035; x_wconf 75' lang='lat' dir='ltr'><strong>acuminata,</strong></span> <span class='ocrx_word' id='word_1_59' title='bbox 1463 955 1556 1040; x_wconf 76' lang='lat' dir='ltr'><strong>sna&#39;di·</strong></span> 
     </span>
     <span class='ocr_line' id='line_1_8' title="bbox 288 1063 1484 1149; baseline -0.004 -16"><span class='ocrx_word' id='word_1_60' title='bbox 288 1087 352 1146; x_wconf 80' lang='lat' dir='ltr'><strong>eoa,</strong></span> <span class='ocrx_word' id='word_1_61' title='bbox 375 1066 484 1133; x_wconf 85' lang='lat' dir='ltr'><strong>nitido.</strong></span> <span class='ocrx_word' id='word_1_62' title='bbox 529 1064 642 1149; x_wconf 85' lang='lat' dir='ltr'><strong>Sporae</strong></span> <span class='ocrx_word' id='word_1_63' title='bbox 666 1065 819 1148; x_wconf 76' lang='lat' dir='ltr'><strong>parvulae,</strong></span> <span class='ocrx_word' id='word_1_64' title='bbox 841 1065 953 1130; x_wconf 86' lang='lat' dir='ltr'><strong>laeves.</strong></span> <span class='ocrx_word' id='word_1_65' title='bbox 997 1064 1102 1148; x_wconf 79' lang='lat' dir='ltr'><strong>Bryol.</strong></span> <span class='ocrx_word' id='word_1_66' title='bbox 1123 1084 1188 1131; x_wconf 88' lang='lat' dir='ltr'><strong>eur.</strong></span> <span class='ocrx_word' id='word_1_67' title='bbox 1210 1063 1279 1129; x_wconf 86' lang='lat' dir='ltr'><strong>Vol.</strong></span> <span class='ocrx_word' id='word_1_68' title='bbox 1302 1065 1328 1142; x_wconf 73' lang='grc' dir='ltr'><strong>Ι,</strong></span> <span class='ocrx_word' id='word_1_69' title='bbox 1349 1063 1431 1130; x_wconf 77' lang='lat' dir='ltr'><strong>Tala.</strong></span> <span class='ocrx_word' id='word_1_70' title='bbox 1453 1063 1484 1128; x_wconf 82' lang='lat'><strong>5.</strong></span> 
     </span>
    </p>
   </div>
   <div class='ocr_carea' id='block_1_3' title="bbox 291 1182 1561 2417">
    <p class='ocr_par' dir='ltr' id='par_1_3' title="bbox 291 1182 1558 1374">
     <span class='ocr_line' id='line_1_9' title="bbox 291 1182 1558 1271; baseline -0.008 -15"><span class='ocrx_word' id='word_1_71' title='bbox 291 1189 452 1256; x_wconf 77' lang='lat' dir='ltr'><strong>Piraeeum</strong></span> <span class='ocrx_word' id='word_1_72' title='bbox 475 1188 692 1268; x_wconf 72' lang='lat' dir='ltr'><strong>considicum,</strong></span> <span class='ocrx_word' id='word_1_73' title='bbox 715 1187 796 1252; x_wconf 82' lang='lat' dir='ltr'><strong>loliis</strong></span> <span class='ocrx_word' id='word_1_74' title='bbox 819 1186 1149 1271; x_wconf 78' lang='lat' dir='ltr'><strong>oblongo-acuminatis</strong></span> <span class='ocrx_word' id='word_1_75' title='bbox 1171 1203 1264 1250; x_wconf 84' lang='lat' dir='ltr'><strong>norro</strong></span> <span class='ocrx_word' id='word_1_76' title='bbox 1286 1187 1496 1255; x_wconf 75' lang='lat' dir='ltr'><strong>eranosoente.</strong></span> <span class='ocrx_word' id='word_1_77' title='bbox 1517 1182 1558 1246; x_wconf 91' lang='lat' dir='ltr'><strong>in·</strong></span> 
     </span>
     <span class='ocr_line' id='line_1_10' title="bbox 398 1286 1557 1374; baseline -0.004 -19"><span class='ocrx_word' id='word_1_78' title='bbox 398 1289 558 1356; x_wconf 80' lang='lat' dir='ltr'><strong>senioribus</strong></span> <span class='ocrx_word' id='word_1_79' title='bbox 581 1289 770 1372; x_wconf 84' lang='lat' dir='ltr'><strong>patentibus,</strong></span> <span class='ocrx_word' id='word_1_80' title='bbox 793 1289 1000 1372; x_wconf 89' lang='lat' dir='ltr'><strong>superioribus</strong></span> <span class='ocrx_word' id='word_1_81' title='bbox 1021 1291 1147 1369; x_wconf 81' lang='lat' dir='ltr'><strong>ereetis3</strong></span> <span class='ocrx_word' id='word_1_82' title='bbox 1168 1289 1333 1374; x_wconf 81' lang='lat' dir='ltr'><strong>sporangio</strong></span> <span class='ocrx_word' id='word_1_83' title='bbox 1351 1287 1449 1356; x_wconf 77' lang='lat' dir='ltr'><strong>eroli.</strong></span> <span class='ocrx_word' id='word_1_84' title='bbox 1479 1286 1557 1350; x_wconf 81' lang='lat' dir='ltr'><strong>Wra</strong></span> 
     </span>
    </p>

    <p class='ocr_par' dir='ltr' id='par_1_4' title="bbox 399 1391 1106 1476">
     <span class='ocr_line' id='line_1_11' title="bbox 399 1391 1106 1476; baseline 0.001 -17"><span class='ocrx_word' id='word_1_85' title='bbox 399 1397 434 1459; x_wconf 85' lang='lat' dir='ltr'><strong>ot</strong></span> <span class='ocrx_word' id='word_1_86' title='bbox 454 1393 554 1459; x_wconf 80' lang='lat' dir='ltr'><strong>Mona</strong></span> <span class='ocrx_word' id='word_1_87' title='bbox 577 1394 646 1459; x_wconf 87' lang='lat' dir='ltr'><strong>Bet.</strong></span> <span class='ocrx_word' id='word_1_88' title='bbox 670 1393 838 1460; x_wconf 83' lang='lat' dir='ltr'><strong>Tesrhenb.</strong></span> <span class='ocrx_word' id='word_1_89' title='bbox 862 1413 892 1476; x_wconf 84' lang='lat' dir='ltr'><strong>p.</strong></span> <span class='ocrx_word' id='word_1_90' title='bbox 914 1392 956 1460; x_wconf 82' lang='grc'><strong>69</strong></span> <span class='ocrx_word' id='word_1_91' title='bbox 978 1396 1011 1460; x_wconf 92' lang='lat' dir='ltr'><strong>et</strong></span> <span class='ocrx_word' id='word_1_92' title='bbox 1031 1391 1106 1460; x_wconf 72' lang='grc'><strong>450.</strong></span> 
     </span>
    </p>

    <p class='ocr_par' dir='ltr' id='par_1_5' title="bbox 293 1493 1558 1789">
     <span class='ocr_line' id='line_1_12' title="bbox 335 1493 1558 1582; baseline -0.007 -17"><span class='ocrx_word' id='word_1_93' title='bbox 335 1497 520 1565; x_wconf 66' lang='lat' dir='ltr'><strong>&amp;annosa</strong></span> <span class='ocrx_word' id='word_1_94' title='bbox 552 1496 657 1580; x_wconf 80' lang='lat' dir='ltr'><strong>Suppl.</strong></span> <span class='ocrx_word' id='word_1_95' title='bbox 702 1497 790 1562; x_wconf 72' lang='lat' dir='ltr'><strong>N·</strong></span> <span class='ocrx_word' id='word_1_96' title='bbox 821 1499 855 1562; x_wconf 85' lang='lat' dir='ltr'><strong>ot</strong></span> <span class='ocrx_word' id='word_1_97' title='bbox 875 1497 1045 1562; x_wconf 72' lang='lat' dir='ltr'><strong>Horresco:</strong></span> <span class='ocrx_word' id='word_1_98' title='bbox 1069 1497 1175 1581; x_wconf 74' lang='lat' dir='ltr'><strong>Bryol.</strong></span> <span class='ocrx_word' id='word_1_99' title='bbox 1197 1516 1294 1582; x_wconf 79' lang='lat' dir='ltr'><strong>germ.</strong></span> <span class='ocrx_word' id='word_1_100' title='bbox 1339 1495 1435 1561; x_wconf 84' lang='grc' dir='ltr'><strong>Βιιιιι.</strong></span> <span class='ocrx_word' id='word_1_101' title='bbox 1465 1493 1558 1576; x_wconf 71' lang='grc' dir='ltr'><strong>Βηοι.</strong></span> 
     </span>
     <span class='ocr_line' id='line_1_13' title="bbox 402 1599 816 1684; baseline -0.005 -16"><span class='ocrx_word' id='word_1_102' title='bbox 402 1601 484 1668; x_wconf 82' lang='lat' dir='ltr'><strong>enin.</strong></span> <span class='ocrx_word' id='word_1_103' title='bbox 531 1602 579 1668; x_wconf 80' lang='lat' dir='ltr'><strong>De</strong></span> <span class='ocrx_word' id='word_1_104' title='bbox 594 1600 715 1666; x_wconf 77' lang='lat' dir='ltr'><strong>Nersa</strong></span> <span class='ocrx_word' id='word_1_105' title='bbox 739 1599 816 1684; x_wconf 86' lang='lat' dir='ltr'>Syll.</span> 
     </span>
     <span class='ocr_line' id='line_1_14' title="bbox 293 1703 888 1789; baseline -0.005 -16"><span class='ocrx_word' id='word_1_106' title='bbox 293 1707 439 1774; x_wconf 82' lang='lat' dir='ltr'><strong>Aconlon</strong></span> <span class='ocrx_word' id='word_1_107' title='bbox 460 1707 667 1772; x_wconf 70' lang='lat' dir='ltr'><strong>namneticum</strong></span> <span class='ocrx_word' id='word_1_108' title='bbox 689 1703 793 1770; x_wconf 75' lang='lat' dir='ltr'><strong>Mona.</strong></span> <span class='ocrx_word' id='word_1_109' title='bbox 815 1704 888 1789; x_wconf 75' lang='lat' dir='ltr'><strong>Syn.</strong></span> 
     </span>
    </p>

    <p class='ocr_par' dir='ltr' id='par_1_6' title="bbox 294 1807 1561 2312">
     <span class='ocr_line' id='line_1_15' title="bbox 383 1807 1559 1893; baseline -0.006 -15"><span class='ocrx_word' id='word_1_110' title='bbox 383 1811 493 1878; x_wconf 74' lang='lat' dir='ltr'><strong>Helie.</strong></span> <span class='ocrx_word' id='word_1_111' title='bbox 525 1809 557 1876; x_wconf 90' lang='lat' dir='ltr'><strong>in</strong></span> <span class='ocrx_word' id='word_1_112' title='bbox 592 1811 674 1876; x_wconf 86' lang='lat' dir='ltr'><strong>terra</strong></span> <span class='ocrx_word' id='word_1_113' title='bbox 695 1809 807 1874; x_wconf 87' lang='lat' dir='ltr'><strong>limosa</strong></span> <span class='ocrx_word' id='word_1_114' title='bbox 829 1809 869 1874; x_wconf 87' lang='lat' dir='ltr'><strong>ed</strong></span> <span class='ocrx_word' id='word_1_115' title='bbox 891 1827 1005 1893; x_wconf 83' lang='lat' dir='ltr'><strong>pagum</strong></span> <span class='ocrx_word' id='word_1_116' title='bbox 1028 1809 1198 1892; x_wconf 76' lang='lat' dir='ltr'><strong>Nresodorf</strong></span> <span class='ocrx_word' id='word_1_117' title='bbox 1216 1807 1391 1876; x_wconf 83' lang='lat' dir='ltr'><strong>Carnieliae</strong></span> <span class='ocrx_word' id='word_1_118' title='bbox 1413 1829 1433 1876; x_wconf 80' lang='lat' dir='ltr'><strong>a</strong></span> <span class='ocrx_word' id='word_1_119' title='bbox 1454 1809 1492 1874; x_wconf 82' lang='lat' dir='ltr'><strong>el</strong></span> <span class='ocrx_word' id='word_1_120' title='bbox 1514 1809 1559 1874; x_wconf 84' lang='lat' dir='ltr'><strong>Dr.</strong></span> 
     </span>
     <span class='ocr_line' id='line_1_16' title="bbox 294 1911 1561 1998; baseline -0.003 -16"><span class='ocrx_word' id='word_1_121' title='bbox 294 1915 439 1982; x_wconf 80' lang='lat' dir='ltr'><strong>Wronno</strong></span> <span class='ocrx_word' id='word_1_122' title='bbox 461 1915 632 1990; x_wconf 67' lang='lat' dir='ltr'><strong>denotem</strong></span> <span class='ocrx_word' id='word_1_123' title='bbox 656 1915 687 1978; x_wconf 89' lang='lat' dir='ltr'><strong>in</strong></span> <span class='ocrx_word' id='word_1_124' title='bbox 710 1915 794 1980; x_wconf 87' lang='lat' dir='ltr'><strong>torre</strong></span> <span class='ocrx_word' id='word_1_125' title='bbox 815 1913 1124 1998; x_wconf 74' lang='lat' dir='ltr'><strong>argilloso-aremare</strong></span> <span class='ocrx_word' id='word_1_126' title='bbox 1146 1913 1203 1979; x_wconf 81' lang='lat' dir='ltr'><strong>snt</strong></span> <span class='ocrx_word' id='word_1_127' title='bbox 1223 1913 1357 1978; x_wconf 85' lang='lat' dir='ltr'><strong>dumetis</strong></span> <span class='ocrx_word' id='word_1_128' title='bbox 1372 1930 1469 1998; x_wconf 77' lang='lat' dir='ltr'><strong>prope</strong></span> <span class='ocrx_word' id='word_1_129' title='bbox 1484 1911 1561 1996; x_wconf 66' lang='lat' dir='ltr'><strong>lieo</strong></span> 
     </span>
     <span class='ocr_line' id='line_1_17' title="bbox 294 2016 1560 2106; baseline -0.002 -19"><span class='ocrx_word' id='word_1_130' title='bbox 294 2019 409 2087; x_wconf 65' lang='grc' dir='ltr'><strong>ἀιιὶοιια</strong></span> <span class='ocrx_word' id='word_1_131' title='bbox 430 2021 464 2084; x_wconf 86' lang='lat' dir='ltr'><strong>et</strong></span> <span class='ocrx_word' id='word_1_132' title='bbox 485 2017 518 2084; x_wconf 92' lang='lat' dir='ltr'><strong>in</strong></span> <span class='ocrx_word' id='word_1_133' title='bbox 539 2018 655 2101; x_wconf 85' lang='lat' dir='ltr'><strong>eampis</strong></span> <span class='ocrx_word' id='word_1_134' title='bbox 678 2037 771 2102; x_wconf 84' lang='lat' dir='ltr'><strong>prope</strong></span> <span class='ocrx_word' id='word_1_135' title='bbox 787 2017 920 2106; x_wconf 72' lang='lat' dir='ltr'><strong>lylesios</strong></span> <span class='ocrx_word' id='word_1_136' title='bbox 942 2018 1100 2086; x_wconf 77' lang='lat' dir='ltr'><strong>Sardiniae</strong></span> <span class='ocrx_word' id='word_1_137' title='bbox 1114 2017 1320 2084; x_wconf 69' lang='lat' dir='ltr'><strong>Faltonem</strong></span> <span class='ocrx_word' id='word_1_138' title='bbox 1341 2021 1376 2084; x_wconf 84' lang='lat' dir='ltr'><strong>et</strong></span> <span class='ocrx_word' id='word_1_139' title='bbox 1398 2018 1433 2084; x_wconf 88' lang='lat' dir='ltr'><strong>in</strong></span> <span class='ocrx_word' id='word_1_140' title='bbox 1455 2016 1560 2101; x_wconf 71' lang='lat' dir='ltr'><strong>naamis</strong></span> 
     </span>
     <span class='ocr_line' id='line_1_18' title="bbox 294 2119 1561 2208; baseline -0.006 -18"><span class='ocrx_word' id='word_1_141' title='bbox 294 2123 431 2208; x_wconf 84' lang='lat' dir='ltr'><strong>ejusdem</strong></span> <span class='ocrx_word' id='word_1_142' title='bbox 453 2120 571 2190; x_wconf 88' lang='lat' dir='ltr'><strong>insulae</strong></span> <span class='ocrx_word' id='word_1_143' title='bbox 591 2122 639 2188; x_wconf 83' lang='lat' dir='ltr'><strong>Da</strong></span> <span class='ocrx_word' id='word_1_144' title='bbox 654 2121 793 2188; x_wconf 81' lang='lat' dir='ltr'><strong>Norrnrs</strong></span> <span class='ocrx_word' id='word_1_145' title='bbox 815 2123 937 2206; x_wconf 81' lang='lat' dir='ltr'><strong>copiose</strong></span> <span class='ocrx_word' id='word_1_146' title='bbox 958 2124 1125 2208; x_wconf 81' lang='lat' dir='ltr'><strong>legerunt·</strong></span> <span class='ocrx_word' id='word_1_147' title='bbox 1138 2122 1297 2206; x_wconf 83' lang='lat' dir='ltr'><strong>Nusquam</strong></span> <span class='ocrx_word' id='word_1_148' title='bbox 1318 2121 1402 2192; x_wconf 79' lang='lat' dir='ltr'><strong>alias</strong></span> <span class='ocrx_word' id='word_1_149' title='bbox 1425 2119 1561 2190; x_wconf 79' lang='lat' dir='ltr'><strong>adheoin</strong></span> 
     </span>
     <span class='ocr_line' id='line_1_19' title="bbox 294 2227 710 2312; baseline 0.005 -18"><span class='ocrx_word' id='word_1_150' title='bbox 294 2227 419 2312; x_wconf 74' lang='lat' dir='ltr'><strong>Europa</strong></span> <span class='ocrx_word' id='word_1_151' title='bbox 440 2227 555 2293; x_wconf 86' lang='lat' dir='ltr'><strong>loetum</strong></span> <span class='ocrx_word' id='word_1_152' title='bbox 578 2227 710 2296; x_wconf 82' lang='lat' dir='ltr'><strong>videtur.</strong></span> 
     </span>
    </p>

    <p class='ocr_par' dir='ltr' id='par_1_7' title="bbox 384 2331 775 2417">
     <span class='ocr_line' id='line_1_20' title="bbox 384 2331 775 2417; baseline -0.003 -18"><span class='ocrx_word' id='word_1_153' title='bbox 384 2331 493 2399; x_wconf 71' lang='lat' dir='ltr'><strong>nme.</strong></span> <span class='ocrx_word' id='word_1_154' title='bbox 517 2339 634 2397; x_wconf 75' lang='lat' dir='ltr'><strong>emtor.</strong></span> <span class='ocrx_word' id='word_1_155' title='bbox 657 2331 775 2417; x_wconf 81' lang='lat' dir='ltr'><strong>hyeme.</strong></span> 
     </span>
    </p>
   </div>
   <div class='ocr_carea' id='block_1_4' title="bbox 297 2439 1568 3217">
    <p class='ocr_par' dir='ltr' id='par_1_8' title="bbox 297 2439 1563 2694">
     <span class='ocr_line' id='line_1_21' title="bbox 384 2439 1561 2520; baseline -0.005 -16"><span class='ocrx_word' id='word_1_156' title='bbox 384 2445 487 2506; x_wconf 90' lang='lat' dir='ltr'><strong>loonss</strong></span> <span class='ocrx_word' id='word_1_157' title='bbox 516 2443 621 2519; x_wconf 74' lang='lat' dir='ltr'><strong>Bryol.</strong></span> <span class='ocrx_word' id='word_1_158' title='bbox 653 2461 750 2520; x_wconf 73' lang='lat' dir='ltr'><strong>ereren.</strong></span> <span class='ocrx_word' id='word_1_159' title='bbox 781 2443 944 2520; x_wconf 77' lang='lat' dir='ltr'><strong>calyptrarn</strong></span> <span class='ocrx_word' id='word_1_160' title='bbox 973 2442 1309 2504; x_wconf 69' lang='lat' dir='ltr'><strong>bilobenritraelonnonr</strong></span> <span class='ocrx_word' id='word_1_161' title='bbox 1337 2443 1496 2520; x_wconf 76' lang='lat' dir='ltr'><strong>effingunt</strong></span> <span class='ocrx_word' id='word_1_162' title='bbox 1535 2439 1561 2498; x_wconf 85' lang='lat' dir='ltr'><strong>lo</strong></span> 
     </span>
     <span class='ocr_line' id='line_1_22' title="bbox 297 2528 1563 2608; baseline -0.003 -18"><span class='ocrx_word' id='word_1_163' title='bbox 297 2531 408 2608; x_wconf 78' lang='lat' dir='ltr'><strong>plantis</strong></span> <span class='ocrx_word' id='word_1_164' title='bbox 430 2531 592 2592; x_wconf 88' lang='lat' dir='ltr'><strong>numerosis</strong></span> <span class='ocrx_word' id='word_1_165' title='bbox 614 2531 745 2603; x_wconf 83' lang='lat' dir='ltr'><strong>sardois,</strong></span> <span class='ocrx_word' id='word_1_166' title='bbox 777 2549 852 2607; x_wconf 86' lang='lat' dir='ltr'><strong>quas</strong></span> <span class='ocrx_word' id='word_1_167' title='bbox 879 2529 1052 2591; x_wconf 74' lang='lat' dir='ltr'><strong>liberalitati</strong></span> <span class='ocrx_word' id='word_1_168' title='bbox 1073 2530 1108 2590; x_wconf 86' lang='lat' dir='ltr'><strong>ol.</strong></span> <span class='ocrx_word' id='word_1_169' title='bbox 1131 2530 1182 2590; x_wconf 74' lang='lat' dir='ltr'><strong>Fa</strong></span> <span class='ocrx_word' id='word_1_170' title='bbox 1205 2531 1328 2590; x_wconf 74' lang='lat' dir='ltr'><strong>Mrem</strong></span> <span class='ocrx_word' id='word_1_171' title='bbox 1349 2532 1455 2602; x_wconf 79' lang='lat' dir='ltr'><strong>debeo,</strong></span> <span class='ocrx_word' id='word_1_172' title='bbox 1476 2528 1563 2602; x_wconf 66' lang='lat' dir='ltr'><strong>calyp-</strong></span> 
     </span>
     <span class='ocr_line' id='line_1_23' title="bbox 297 2617 1081 2694; baseline -0.001 -17"><span class='ocrx_word' id='word_1_173' title='bbox 297 2622 373 2678; x_wconf 82' lang='lat' dir='ltr'><strong>tranr</strong></span> <span class='ocrx_word' id='word_1_174' title='bbox 396 2635 454 2679; x_wconf 91' lang='lat' dir='ltr'><strong>non</strong></span> <span class='ocrx_word' id='word_1_175' title='bbox 479 2617 566 2678; x_wconf 88' lang='lat' dir='ltr'><strong>aliter</strong></span> <span class='ocrx_word' id='word_1_176' title='bbox 587 2635 675 2693; x_wconf 86' lang='lat' dir='ltr'><strong>qnam</strong></span> <span class='ocrx_word' id='word_1_177' title='bbox 696 2619 757 2678; x_wconf 87' lang='lat' dir='ltr'><strong>lats</strong></span> <span class='ocrx_word' id='word_1_178' title='bbox 780 2618 956 2679; x_wconf 82' lang='lat' dir='ltr'><strong>annullatam</strong></span> <span class='ocrx_word' id='word_1_179' title='bbox 978 2618 1081 2694; x_wconf 83' lang='lat' dir='ltr'><strong>reperi.</strong></span> 
     </span>
    </p>

    <p class='ocr_par' dir='ltr' id='par_1_9' title="bbox 299 2701 1568 3116">
     <span class='ocr_line' id='line_1_24' title="bbox 386 2701 1565 2779; baseline -0.008 -12"><span class='ocrx_word' id='word_1_180' title='bbox 386 2707 495 2767; x_wconf 85' lang='lat' dir='ltr'><strong>Planta</strong></span> <span class='ocrx_word' id='word_1_181' title='bbox 517 2705 676 2766; x_wconf 82' lang='lat' dir='ltr'><strong>carniolioa</strong></span> <span class='ocrx_word' id='word_1_182' title='bbox 699 2723 717 2765; x_wconf 89' lang='lat' dir='ltr'><strong>a</strong></span> <span class='ocrx_word' id='word_1_183' title='bbox 739 2707 789 2766; x_wconf 88' lang='lat' dir='ltr'><strong>Dr.</strong></span> <span class='ocrx_word' id='word_1_184' title='bbox 812 2705 945 2764; x_wconf 82' lang='lat' dir='ltr'><strong>Wronan</strong></span> <span class='ocrx_word' id='word_1_185' title='bbox 973 2705 1049 2765; x_wconf 82' lang='lat' dir='ltr'><strong>lenta</strong></span> <span class='ocrx_word' id='word_1_186' title='bbox 1071 2705 1178 2764; x_wconf 80' lang='lat' dir='ltr'><strong>sardon</strong></span> <span class='ocrx_word' id='word_1_187' title='bbox 1199 2703 1286 2779; x_wconf 82' lang='lat' dir='ltr'><strong>naulo</strong></span> <span class='ocrx_word' id='word_1_188' title='bbox 1310 2705 1405 2765; x_wconf 84' lang='lat' dir='ltr'><strong>minor</strong></span> <span class='ocrx_word' id='word_1_189' title='bbox 1427 2707 1473 2764; x_wconf 73' lang='lat' dir='ltr'><strong>est</strong></span> <span class='ocrx_word' id='word_1_190' title='bbox 1492 2701 1565 2762; x_wconf 77' lang='lat' dir='ltr'><strong>lolia·</strong></span> 
     </span>
     <span class='ocr_line' id='line_1_25' title="bbox 299 2785 1565 2870; baseline 0.001 -19"><span class='ocrx_word' id='word_1_191' title='bbox 299 2809 355 2868; x_wconf 85' lang='lat' dir='ltr'><strong>qne</strong></span> <span class='ocrx_word' id='word_1_192' title='bbox 378 2793 530 2868; x_wconf 81' lang='lat' dir='ltr'><strong>superiora</strong></span> <span class='ocrx_word' id='word_1_193' title='bbox 552 2792 647 2852; x_wconf 85' lang='lat' dir='ltr'><strong>minus</strong></span> <span class='ocrx_word' id='word_1_194' title='bbox 670 2793 760 2868; x_wconf 81' lang='lat' dir='ltr'><strong>longo</strong></span> <span class='ocrx_word' id='word_1_195' title='bbox 781 2793 873 2852; x_wconf 85' lang='lat' dir='ltr'><strong>habet</strong></span> <span class='ocrx_word' id='word_1_196' title='bbox 895 2785 966 2868; x_wconf 81' lang='lat' dir='ltr'><strong>(rid.</strong></span> <span class='ocrx_word' id='word_1_197' title='bbox 987 2793 1086 2868; x_wconf 80' lang='lat' dir='ltr'><strong>Bryol.</strong></span> <span class='ocrx_word' id='word_1_198' title='bbox 1108 2809 1167 2851; x_wconf 85' lang='lat' dir='ltr'><strong>eor.</strong></span> <span class='ocrx_word' id='word_1_199' title='bbox 1189 2791 1208 2852; x_wconf 95' lang='lat' dir='ltr'><strong>l.</strong></span> <span class='ocrx_word' id='word_1_200' title='bbox 1224 2810 1248 2850; x_wconf 73' lang='lat' dir='ltr'><strong>a</strong></span> <span class='ocrx_word' id='word_1_201' title='bbox 1271 2793 1322 2868; x_wconf 75' lang='lat' dir='ltr'><strong>lig.</strong></span> <span class='ocrx_word' id='word_1_202' title='bbox 1338 2789 1383 2870; x_wconf 59' lang='grc'><strong>8)</strong></span> <span class='ocrx_word' id='word_1_203' title='bbox 1415 2789 1565 2868; x_wconf 75' lang='lat' dir='ltr'><strong>Snoclnim</strong></span> 
     </span>
     <span class='ocr_line' id='line_1_26' title="bbox 300 2879 1566 2957; baseline -0.005 -17"><span class='ocrx_word' id='word_1_204' title='bbox 300 2879 449 2957; x_wconf 71' lang='lat' dir='ltr'><strong>tingitana</strong></span> <span class='ocrx_word' id='word_1_205' title='bbox 483 2899 501 2940; x_wconf 88' lang='lat' dir='ltr'><strong>a</strong></span> <span class='ocrx_word' id='word_1_206' title='bbox 533 2880 568 2940; x_wconf 92' lang='lat' dir='ltr'><strong>ol.</strong></span> <span class='ocrx_word' id='word_1_207' title='bbox 592 2881 746 2940; x_wconf 75' lang='lat' dir='ltr'><strong>smarsn</strong></span> <span class='ocrx_word' id='word_1_208' title='bbox 777 2880 855 2940; x_wconf 86' lang='lat' dir='ltr'><strong>lecta</strong></span> <span class='ocrx_word' id='word_1_209' title='bbox 877 2879 996 2940; x_wconf 86' lang='lat' dir='ltr'><strong>dimidio</strong></span> <span class='ocrx_word' id='word_1_210' title='bbox 1018 2880 1129 2940; x_wconf 86' lang='lat' dir='ltr'><strong>mirrora</strong></span> <span class='ocrx_word' id='word_1_211' title='bbox 1151 2881 1233 2951; x_wconf 86' lang='lat' dir='ltr'><strong>sont,</strong></span> <span class='ocrx_word' id='word_1_212' title='bbox 1264 2879 1460 2955; x_wconf 75' lang='lat' dir='ltr'><strong>cansolasqoe</strong></span> <span class='ocrx_word' id='word_1_213' title='bbox 1482 2879 1566 2936; x_wconf 81' lang='lat' dir='ltr'><strong>lerant</strong></span> 
     </span>
     <span class='ocr_line' id='line_1_27' title="bbox 300 2966 1568 3042; baseline -0.004 -15"><span class='ocrx_word' id='word_1_214' title='bbox 300 2967 444 3038; x_wconf 84' lang='lat' dir='ltr'><strong>minimas,</strong></span> <span class='ocrx_word' id='word_1_215' title='bbox 466 2967 644 3042; x_wconf 80' lang='lat' dir='ltr'><strong>sphaericos,</strong></span> <span class='ocrx_word' id='word_1_216' title='bbox 666 2967 777 3026; x_wconf 88' lang='lat' dir='ltr'><strong>minute</strong></span> <span class='ocrx_word' id='word_1_217' title='bbox 799 2966 975 3041; x_wconf 77' lang='lat' dir='ltr'><strong>spiculatore,</strong></span> <span class='ocrx_word' id='word_1_218' title='bbox 996 2967 1197 3038; x_wconf 81' lang='lat' dir='ltr'><strong>nitidissimos,</strong></span> <span class='ocrx_word' id='word_1_219' title='bbox 1219 2971 1366 3026; x_wconf 81' lang='lat' dir='ltr'><strong>caetorum</strong></span> <span class='ocrx_word' id='word_1_220' title='bbox 1390 2967 1484 3026; x_wconf 80' lang='lat' dir='ltr'><strong>tornea</strong></span> <span class='ocrx_word' id='word_1_221' title='bbox 1511 2979 1568 3022; x_wconf 83' lang='lat' dir='ltr'><strong>nor·</strong></span> 
     </span>
     <span class='ocr_line' id='line_1_28' title="bbox 301 3054 648 3116; baseline -0.006 -2"><span class='ocrx_word' id='word_1_222' title='bbox 301 3055 369 3116; x_wconf 84' lang='lat' dir='ltr'><strong>mali</strong></span> <span class='ocrx_word' id='word_1_223' title='bbox 393 3054 509 3114; x_wconf 86' lang='lat' dir='ltr'><strong>omnino</strong></span> <span class='ocrx_word' id='word_1_224' title='bbox 532 3054 648 3113; x_wconf 81' lang='lat' dir='ltr'><strong>similia.</strong></span> 
     </span>
    </p>

    <p class='ocr_par' dir='ltr' id='par_1_10' title="bbox 389 3139 1375 3217">
     <span class='ocr_line' id='line_1_29' title="bbox 389 3139 1375 3217; baseline -0.003 -16"><span class='ocrx_word' id='word_1_225' title='bbox 389 3141 532 3216; x_wconf 80' lang='lat' dir='ltr'><strong>capsulae</strong></span> <span class='ocrx_word' id='word_1_226' title='bbox 551 3141 638 3202; x_wconf 86' lang='lat' dir='ltr'><strong>binae</strong></span> <span class='ocrx_word' id='word_1_227' title='bbox 661 3157 748 3217; x_wconf 84' lang='lat' dir='ltr'><strong>saepe</strong></span> <span class='ocrx_word' id='word_1_228' title='bbox 772 3141 802 3199; x_wconf 92' lang='lat' dir='ltr'><strong>in</strong></span> <span class='ocrx_word' id='word_1_229' title='bbox 825 3140 924 3200; x_wconf 86' lang='lat' dir='ltr'><strong>eodem</strong></span> <span class='ocrx_word' id='word_1_230' title='bbox 947 3139 1125 3216; x_wconf 81' lang='lat' dir='ltr'><strong>periclaetio</strong></span> <span class='ocrx_word' id='word_1_231' title='bbox 1147 3139 1375 3215; x_wconf 85' lang='lat' dir='ltr'><strong>conspiciantur.</strong></span> 
     </span>
    </p>
   </div>
   <div class='ocr_carea' id='block_1_5' title="bbox 699 3329 1188 3528">
    <p class='ocr_par' dir='ltr' id='par_1_11' title="bbox 699 3329 1188 3528">
     <span class='ocr_line' id='line_1_30' title="bbox 699 3329 1188 3400; baseline 0 -12"><span class='ocrx_word' id='word_1_232' title='bbox 699 3333 731 3388; x_wconf 75' lang='lat'><strong>2.</strong></span> <span class='ocrx_word' id='word_1_233' title='bbox 761 3329 934 3388; x_wconf 72' lang='lat' dir='ltr'><strong>Phnoum</strong></span> <span class='ocrx_word' id='word_1_234' title='bbox 956 3331 1188 3400; x_wconf 81' lang='lat' dir='ltr'><strong>ouspldatum.</strong></span> 
     </span>
     <span class='ocr_line' id='line_1_31' title="bbox 764 3451 1121 3528; baseline 0 -18"><span class='ocrx_word' id='word_1_235' title='bbox 764 3453 974 3528; x_wconf 64' lang='lat' dir='ltr'><strong>Scoaaornoe</strong></span> <span class='ocrx_word' id='word_1_236' title='bbox 999 3451 1121 3512; x_wconf 84' lang='lat' dir='ltr'><strong>Phasoo.</strong></span> 
     </span>
    </p>
   </div>
   <div class='ocr_carea' id='block_1_6' title="bbox 304 3579 1572 4498">
    <p class='ocr_par' dir='ltr' id='par_1_12' title="bbox 304 3579 1572 4498">
     <span class='ocr_line' id='line_1_32' title="bbox 391 3579 1569 3667; baseline -0.002 -21"><span class='ocrx_word' id='word_1_237' title='bbox 391 3579 492 3646; x_wconf 84' lang='lat' dir='ltr'><strong>Denso</strong></span> <span class='ocrx_word' id='word_1_238' title='bbox 514 3581 691 3666; x_wconf 80' lang='lat' dir='ltr'><strong>gregarium</strong></span> <span class='ocrx_word' id='word_1_239' title='bbox 716 3585 763 3650; x_wconf 89' lang='lat' dir='ltr'><strong>vel</strong></span> <span class='ocrx_word' id='word_1_240' title='bbox 786 3585 1036 3667; x_wconf 73' lang='lat' dir='ltr'><strong>conspiratorum,</strong></span> <span class='ocrx_word' id='word_1_241' title='bbox 1058 3603 1201 3663; x_wconf 86' lang='lat' dir='ltr'><strong>annuum,</strong></span> <span class='ocrx_word' id='word_1_242' title='bbox 1224 3581 1272 3648; x_wconf 83' lang='lat' dir='ltr'><strong>vel</strong></span> <span class='ocrx_word' id='word_1_243' title='bbox 1294 3600 1312 3649; x_wconf 88' lang='lat' dir='ltr'><strong>e</strong></span> <span class='ocrx_word' id='word_1_244' title='bbox 1335 3581 1403 3648; x_wconf 85' lang='lat' dir='ltr'><strong>basi</strong></span> <span class='ocrx_word' id='word_1_245' title='bbox 1426 3581 1569 3648; x_wconf 72' lang='lat' dir='ltr'><strong>innovans</strong></span> 
     </span>
     <span class='ocr_line' id='line_1_33' title="bbox 304 3681 1571 3772; baseline 0.001 -25"><span class='ocrx_word' id='word_1_246' title='bbox 304 3681 408 3748; x_wconf 83' lang='lat' dir='ltr'><strong>Caelis</strong></span> <span class='ocrx_word' id='word_1_247' title='bbox 430 3683 575 3750; x_wconf 85' lang='lat' dir='ltr'><strong>radionlis</strong></span> <span class='ocrx_word' id='word_1_248' title='bbox 598 3685 700 3772; x_wconf 86' lang='lat' dir='ltr'><strong>longis</strong></span> <span class='ocrx_word' id='word_1_249' title='bbox 724 3688 944 3755; x_wconf 81' lang='lat' dir='ltr'><strong>refesoentibun</strong></span> <span class='ocrx_word' id='word_1_250' title='bbox 959 3691 1059 3756; x_wconf 81' lang='lat' dir='ltr'><strong>torrae</strong></span> <span class='ocrx_word' id='word_1_251' title='bbox 1075 3687 1195 3766; x_wconf 84' lang='lat' dir='ltr'><strong>infixus,</strong></span> <span class='ocrx_word' id='word_1_252' title='bbox 1219 3685 1319 3753; x_wconf 85' lang='lat' dir='ltr'><strong>brevis</strong></span> <span class='ocrx_word' id='word_1_253' title='bbox 1342 3686 1472 3770; x_wconf 78' lang='lat' dir='ltr'><strong>simplex</strong></span> <span class='ocrx_word' id='word_1_254' title='bbox 1493 3699 1571 3748; x_wconf 78' lang='lat' dir='ltr'><strong>seor</strong></span> 
     </span>
     <span class='ocr_line' id='line_1_34' title="bbox 305 3785 1570 3876; baseline 0.001 -25"><span class='ocrx_word' id='word_1_255' title='bbox 305 3785 373 3852; x_wconf 86' lang='lat' dir='ltr'><strong>basi</strong></span> <span class='ocrx_word' id='word_1_256' title='bbox 395 3786 513 3852; x_wconf 83' lang='lat' dir='ltr'><strong>diviona</strong></span> <span class='ocrx_word' id='word_1_257' title='bbox 536 3789 586 3854; x_wconf 82' lang='lat' dir='ltr'><strong>vel</strong></span> <span class='ocrx_word' id='word_1_258' title='bbox 608 3789 697 3872; x_wconf 86' lang='lat' dir='ltr'><strong>plura</strong></span> <span class='ocrx_word' id='word_1_259' title='bbox 719 3790 840 3858; x_wconf 91' lang='lat' dir='ltr'><strong>millim.</strong></span> <span class='ocrx_word' id='word_1_260' title='bbox 863 3793 947 3858; x_wconf 87' lang='lat' dir='ltr'><strong>altus</strong></span> <span class='ocrx_word' id='word_1_261' title='bbox 972 3811 1046 3876; x_wconf 85' lang='lat' dir='ltr'><strong>eque</strong></span> <span class='ocrx_word' id='word_1_262' title='bbox 1069 3791 1168 3860; x_wconf 87' lang='lat' dir='ltr'><strong>medio</strong></span> <span class='ocrx_word' id='word_1_263' title='bbox 1190 3809 1348 3870; x_wconf 82' lang='lat' dir='ltr'><strong>ramosus,</strong></span> <span class='ocrx_word' id='word_1_264' title='bbox 1370 3803 1570 3872; x_wconf 80' lang='lat' dir='ltr'><strong>nonnunquam</strong></span> 
     </span>
     <span class='ocr_line' id='line_1_35' title="bbox 305 3889 1572 3976; baseline 0.002 -22"><span class='ocrx_word' id='word_1_265' title='bbox 305 3889 435 3956; x_wconf 78' lang='lat' dir='ltr'><strong>mmnlis</strong></span> <span class='ocrx_word' id='word_1_266' title='bbox 456 3890 723 3976; x_wconf 80' lang='lat' dir='ltr'><strong>flagellilornribus</strong></span> <span class='ocrx_word' id='word_1_267' title='bbox 747 3895 929 3963; x_wconf 85' lang='lat' dir='ltr'><strong>romolosns.</strong></span> <span class='ocrx_word' id='word_1_268' title='bbox 967 3895 1056 3962; x_wconf 76' lang='lat' dir='ltr'><strong>Folia</strong></span> <span class='ocrx_word' id='word_1_269' title='bbox 1078 3895 1110 3962; x_wconf 89' lang='lat' dir='ltr'><strong>in</strong></span> <span class='ocrx_word' id='word_1_270' title='bbox 1132 3895 1271 3962; x_wconf 78' lang='lat' dir='ltr'><strong>breviore</strong></span> <span class='ocrx_word' id='word_1_271' title='bbox 1291 3895 1379 3962; x_wconf 83' lang='lat' dir='ltr'><strong>naulo</strong></span> <span class='ocrx_word' id='word_1_272' title='bbox 1400 3895 1492 3962; x_wconf 81' lang='lat' dir='ltr'><strong>denso</strong></span> <span class='ocrx_word' id='word_1_273' title='bbox 1512 3909 1572 3956; x_wconf 77' lang='lat' dir='ltr'><strong>nn·</strong></span> 
     </span>
     <span class='ocr_line' id='line_1_36' title="bbox 305 3993 1572 4084; baseline -0.002 -26"><span class='ocrx_word' id='word_1_274' title='bbox 305 3993 394 4074; x_wconf 77' lang='lat' dir='ltr'><strong>terta,</strong></span> <span class='ocrx_word' id='word_1_275' title='bbox 416 3993 447 4060; x_wconf 89' lang='lat' dir='ltr'><strong>in</strong></span> <span class='ocrx_word' id='word_1_276' title='bbox 470 3995 658 4080; x_wconf 77' lang='lat' dir='ltr'><strong>gemmulam</strong></span> <span class='ocrx_word' id='word_1_277' title='bbox 681 3999 877 4067; x_wconf 79' lang='lat' dir='ltr'><strong>conniventia</strong></span> <span class='ocrx_word' id='word_1_278' title='bbox 898 4001 948 4068; x_wconf 84' lang='lat' dir='ltr'><strong>nel</strong></span> <span class='ocrx_word' id='word_1_279' title='bbox 969 3999 1243 4084; x_wconf 81' lang='lat' dir='ltr'><strong>orente-patentia,</strong></span> <span class='ocrx_word' id='word_1_280' title='bbox 1265 4000 1297 4065; x_wconf 90' lang='lat' dir='ltr'><strong>in</strong></span> <span class='ocrx_word' id='word_1_281' title='bbox 1319 3997 1458 4084; x_wconf 80' lang='lat' dir='ltr'><strong>longiore</strong></span> <span class='ocrx_word' id='word_1_282' title='bbox 1477 3993 1572 4062; x_wconf 67' lang='lat' dir='ltr'><strong>disin</strong></span> 
     </span>
     <span class='ocr_line' id='line_1_37' title="bbox 306 4097 1571 4190; baseline 0.003 -28"><span class='ocrx_word' id='word_1_283' title='bbox 306 4097 372 4164; x_wconf 87' lang='lat' dir='ltr'><strong>solo</strong></span> <span class='ocrx_word' id='word_1_284' title='bbox 398 4097 537 4164; x_wconf 57' lang='lat' dir='ltr'><strong>nurnine</strong></span> <span class='ocrx_word' id='word_1_285' title='bbox 565 4105 730 4187; x_wconf 78' lang='lat' dir='ltr'><strong>congesta,</strong></span> <span class='ocrx_word' id='word_1_286' title='bbox 765 4103 910 4172; x_wconf 80' lang='lat' dir='ltr'><strong>interiora</strong></span> <span class='ocrx_word' id='word_1_287' title='bbox 932 4109 1051 4184; x_wconf 63' lang='grc' dir='ltr'><strong>οιιιο·ἱ</strong></span> <span class='ocrx_word' id='word_1_288' title='bbox 1081 4103 1237 4188; x_wconf 84' lang='lat' dir='ltr'><strong>superiora</strong></span> <span class='ocrx_word' id='word_1_289' title='bbox 1258 4099 1571 4190; x_wconf 71' lang='lat' dir='ltr'><strong>onlongonnoeeloa</strong></span> 
     </span>
     <span class='ocr_line' id='line_1_38' title="bbox 307 4203 1570 4291; baseline 0.006 -25"><span class='ocrx_word' id='word_1_290' title='bbox 307 4219 429 4268; x_wconf 85' lang='lat' dir='ltr'><strong>summa</strong></span> <span class='ocrx_word' id='word_1_291' title='bbox 450 4203 599 4288; x_wconf 81' lang='lat' dir='ltr'><strong>elongata</strong></span> <span class='ocrx_word' id='word_1_292' title='bbox 620 4207 811 4289; x_wconf 81' lang='lat' dir='ltr'><strong>acuminata,</strong></span> <span class='ocrx_word' id='word_1_293' title='bbox 842 4211 927 4276; x_wconf 85' lang='lat' dir='ltr'><strong>eosta</strong></span> <span class='ocrx_word' id='word_1_294' title='bbox 956 4209 1046 4275; x_wconf 88' lang='lat' dir='ltr'><strong>tereti</strong></span> <span class='ocrx_word' id='word_1_295' title='bbox 1071 4207 1161 4275; x_wconf 77' lang='lat' dir='ltr'><strong>viridi</strong></span> <span class='ocrx_word' id='word_1_296' title='bbox 1184 4207 1217 4274; x_wconf 91' lang='lat' dir='ltr'><strong>in</strong></span> <span class='ocrx_word' id='word_1_297' title='bbox 1237 4207 1394 4291; x_wconf 76' lang='lat' dir='ltr'><strong>cuspidem</strong></span> <span class='ocrx_word' id='word_1_298' title='bbox 1416 4203 1570 4274; x_wconf 60' lang='lat' dir='ltr'><strong>aaronis</strong></span> 
     </span>
     <span class='ocr_line' id='line_1_39' title="bbox 306 4305 1569 4398; baseline 0.008 -28"><span class='ocrx_word' id='word_1_299' title='bbox 306 4305 596 4376; x_wconf 74' lang='lat' dir='ltr'><strong>connato-oonoero</strong></span> <span class='ocrx_word' id='word_1_300' title='bbox 618 4330 638 4377; x_wconf 85' lang='lat' dir='ltr'><strong>a</strong></span> <span class='ocrx_word' id='word_1_301' title='bbox 660 4311 728 4378; x_wconf 83' lang='lat' dir='ltr'><strong>bani</strong></span> <span class='ocrx_word' id='word_1_302' title='bbox 750 4312 789 4378; x_wconf 88' lang='lat' dir='ltr'><strong>ad</strong></span> <span class='ocrx_word' id='word_1_303' title='bbox 818 4311 951 4380; x_wconf 86' lang='lat' dir='ltr'><strong>modium</strong></span> <span class='ocrx_word' id='word_1_304' title='bbox 974 4313 1113 4398; x_wconf 81' lang='lat' dir='ltr'><strong>margine</strong></span> <span class='ocrx_word' id='word_1_305' title='bbox 1135 4311 1350 4390; x_wconf 60' lang='lat' dir='ltr'><strong>subsonante,</strong></span> <span class='ocrx_word' id='word_1_306' title='bbox 1381 4307 1569 4395; x_wconf 58' lang='lat' dir='ltr'><strong>rolenninz</strong></span> 
     </span>
     <span class='ocr_line' id='line_1_40' title="bbox 307 4407 1569 4498; baseline 0.006 -25"><span class='ocrx_word' id='word_1_307' title='bbox 307 4407 373 4474; x_wconf 84' lang='lat' dir='ltr'><strong>nasi</strong></span> <span class='ocrx_word' id='word_1_308' title='bbox 396 4409 522 4494; x_wconf 77' lang='lat' dir='ltr'><strong>hyalino</strong></span> <span class='ocrx_word' id='word_1_309' title='bbox 544 4411 630 4496; x_wconf 86' lang='lat' dir='ltr'><strong>apios</strong></span> <span class='ocrx_word' id='word_1_310' title='bbox 657 4416 847 4483; x_wconf 86' lang='lat' dir='ltr'><strong>nroonlenter</strong></span> <span class='ocrx_word' id='word_1_311' title='bbox 869 4417 994 4498; x_wconf 80' lang='lat' dir='ltr'><strong>viridia,</strong></span> <span class='ocrx_word' id='word_1_312' title='bbox 1023 4417 1148 4484; x_wconf 81' lang='lat' dir='ltr'><strong>tandem</strong></span> <span class='ocrx_word' id='word_1_313' title='bbox 1171 4416 1289 4496; x_wconf 76' lang='lat' dir='ltr'><strong>referta,</strong></span> <span class='ocrx_word' id='word_1_314' title='bbox 1322 4415 1446 4494; x_wconf 83' lang='lat' dir='ltr'><strong>mollia,</strong></span> <span class='ocrx_word' id='word_1_315' title='bbox 1473 4411 1569 4480; x_wconf 75' lang='lat' dir='ltr'><strong>minen</strong></span> 
     </span>
    </p>
   </div>
   <div class='ocr_carea' id='block_1_7' title="bbox 308 4510 1570 4710">
    <p class='ocr_par' dir='ltr' id='par_1_13' title="bbox 308 4510 1570 4710">
     <span class='ocr_line' id='line_1_41' title="bbox 308 4510 1570 4606; baseline 0.006 -28"><span class='ocrx_word' id='word_1_316' title='bbox 308 4510 470 4596; x_wconf 78' lang='lat' dir='ltr'><strong>nepirlosa.</strong></span> <span class='ocrx_word' id='word_1_317' title='bbox 515 4515 587 4582; x_wconf 82' lang='lat' dir='ltr'><strong>Flos</strong></span> <span class='ocrx_word' id='word_1_318' title='bbox 610 4519 764 4586; x_wconf 86' lang='lat' dir='ltr'><strong>masculos</strong></span> <span class='ocrx_word' id='word_1_319' title='bbox 786 4519 825 4588; x_wconf 84' lang='lat' dir='ltr'><strong>ad</strong></span> <span class='ocrx_word' id='word_1_320' title='bbox 848 4521 935 4587; x_wconf 86' lang='lat' dir='ltr'><strong>basin</strong></span> <span class='ocrx_word' id='word_1_321' title='bbox 958 4521 1085 4606; x_wconf 61' lang='lat' dir='ltr'><strong>planus</strong></span> <span class='ocrx_word' id='word_1_322' title='bbox 1104 4520 1265 4606; x_wconf 78' lang='lat' dir='ltr'><strong>simplicis,</strong></span> <span class='ocrx_word' id='word_1_323' title='bbox 1287 4520 1336 4587; x_wconf 86' lang='lat' dir='ltr'><strong>vel</strong></span> <span class='ocrx_word' id='word_1_324' title='bbox 1359 4519 1398 4586; x_wconf 82' lang='lat' dir='ltr'><strong>ed</strong></span> <span class='ocrx_word' id='word_1_325' title='bbox 1413 4511 1570 4586; x_wconf 62' lang='lat' dir='ltr'><strong>emmo&gt;</strong></span> 
     </span>
     <span class='ocr_line' id='line_1_42' title="bbox 308 4615 1568 4710; baseline 0.007 -32"><span class='ocrx_word' id='word_1_326' title='bbox 308 4632 378 4680; x_wconf 85' lang='lat' dir='ltr'><strong>nsrn</strong></span> <span class='ocrx_word' id='word_1_327' title='bbox 400 4615 497 4682; x_wconf 85' lang='lat' dir='ltr'><strong>oanlis</strong></span> <span class='ocrx_word' id='word_1_328' title='bbox 511 4616 603 4684; x_wconf 81' lang='lat' dir='ltr'><strong>dirisi</strong></span> <span class='ocrx_word' id='word_1_329' title='bbox 619 4621 769 4706; x_wconf 86' lang='lat' dir='ltr'><strong>elatioris,</strong></span> <span class='ocrx_word' id='word_1_330' title='bbox 793 4624 1026 4710; x_wconf 70' lang='lat' dir='ltr'><strong>monophyllnsr</strong></span> <span class='ocrx_word' id='word_1_331' title='bbox 1049 4625 1224 4692; x_wconf 84' lang='lat' dir='ltr'><strong>antheridie</strong></span> <span class='ocrx_word' id='word_1_332' title='bbox 1253 4623 1381 4692; x_wconf 84' lang='lat' dir='ltr'><strong>rnininra</strong></span> <span class='ocrx_word' id='word_1_333' title='bbox 1406 4643 1473 4689; x_wconf 89' lang='lat' dir='ltr'><strong>eum</strong></span> <span class='ocrx_word' id='word_1_334' title='bbox 1496 4633 1568 4702; x_wconf 60' lang='lat' dir='ltr'><strong>porr</strong></span> 
     </span>
    </p>
   </div>
   <div class='ocr_carea' id='block_1_8' title="bbox 0 0 1664 5218">
    <p class='ocr_par' dir='ltr' id='par_1_14' title="bbox 0 0 1664 5218">
     <span class='ocr_line' id='line_1_43' title="bbox 0 0 1664 5218; baseline 0 0"><span class='ocrx_word' id='word_1_335' title='bbox 0 0 1664 5218; x_wconf 95' lang='lat' dir='ltr'><strong> </strong></span> 
     </span>
    </p>
   </div>
  </div>
 </body>
</html>
