3054 5238
498 326 688 403 ttamen·
1167 339 1234 414 tte.

2 501 105 582 >idibus
128 504 223 570 rivuli
239 525 331 589 prope
348 508 554 596 Sterbrenad
573 509 745 594 Oulattsors
760 511 940 590 Gesbioiae,
963 513 1002 578 ad
1017 515 1134 582 radiosa
1150 519 1230 585 Alai

13 609 74 689 ripa
96 610 182 674 laeuis
211 610 378 697 Willinpen
394 613 534 682 Nerieiae
555 614 601 698 (O.
619 617 651 681 et
666 617 703 684 R.
720 617 902 703 utrumn),
925 618 958 684 in
980 623 1083 686 monte
1101 623 1230 690 Hanno·
1313 671 1320 680 -

1 733 28 792 rp
49 710 314 798 Wealergothiae,
346 716 385 781 ad
407 716 526 782 radices
548 718 691 784 arborum
714 721 745 784 et
768 720 886 802 lapides
909 722 994 805 ripae
1016 725 1100 792 lacus
1124 728 1229 815 Leop-

1 815 283 902 seditionariae),
306 818 345 883 ad
367 818 536 885 Wittaerod
551 819 679 886 Scaniae
700 822 916 910 (Bsauuann);
939 825 1042 892 fertile
1064 828 1096 896 in
1118 831 1230 898 eertios

1 919 66 981 liris
87 940 224 1004 capreae
254 919 293 986 ad
324 921 423 1004 ripam
450 922 535 988 sinus
561 923 780 990 Orbemaeilcm
811 945 903 1010 prope
936 929 1092 998 Holmiam
1121 933 1230 1016 (brno-

1 1039 42 1099 su,
67 1021 173 1106 1864).
221 1023 433 1091 Pulcherrima
460 1027 625 1110 specimina
656 1027 789 1108 fertilia,
822 1030 855 1098 in
877 1031 1118 1116 Peunsylvania,
1151 1039 1230 1104 unde

1 1145 101 1190 ,amru
125 1126 246 1210 primus
269 1129 307 1193 ad
330 1129 508 1195 Drunnruun
530 1131 628 1209 misit,
650 1152 669 1198 a
691 1133 731 1198 el.
754 1131 938 1199 Daunuouo
960 1137 1048 1216 lecte,
1072 1139 1122 1204 W.
1140 1139 1229 1206 Wun-

1 1250 24 1309 s,
44 1233 72 1296 et
93 1232 156 1296 alia
179 1232 212 1296 in
235 1232 324 1298 Nove
347 1233 449 1299 Scotia
472 1235 553 1300 leeta
576 1235 784 1312 Lnseunanex
806 1239 1117 1308 eommunieaverunt.

42 1336 146 1402 Froct.
171 1344 290 1402 oretur.
314 1336 498 1420 Septembri.

39 1447 163 1506 Medium
194 1449 278 1507 tenet
306 1447 383 1506 inter
405 1447 443 1506 D.
471 1448 615 1523 falcatam
642 1453 731 1528 atque
761 1449 798 1510 D.
824 1453 1003 1532 pallescere,
1034 1457 1072 1515 ab
1106 1459 1228 1534 utroque

2 1533 81 1590 rurum
104 1534 200 1592 ferma
225 1537 315 1608 atque
338 1535 500 1608 peristomii
521 1535 617 1595 indole
640 1536 724 1596 iaeile
748 1539 995 1614 distinguendum.

42 1619 75 1676 D.
96 1621 303 1680 eumedium
318 1620 464 1680 Hanania
479 1626 554 1693 mat,
579 1623 676 1683 »loliis
698 1625 840 1684 setaeeis«
867 1626 923 1684 bne
945 1627 1127 1689 referendum
1150 1635 1203 1691 est.

42 1706 74 1766 D.
92 1709 260 1784 pollam
289 1709 438 1779 nestrum,
468 1711 545 1784 quod
574 1709 767 1770 elar.llra1a
794 1729 846 1786 pro
870 1731 940 1772 vera
961 1713 1047 1776 Ferit.
1069 1719 1228 1793 eapttlueoo

1 1809 37 1850 m
58 1795 170 1866 mouit,
193 1795 360 1856 cananense
383 1799 428 1854 est
450 1799 481 1856 et
502 1796 650 1871 bucusque
672 1799 800 1860 nondum
822 1799 853 1858 in
876 1799 994 1875 Europa
1017 1804 1212 1865 observatum.

41 1879 74 1939 D.
96 1880 239 1940 Smertaii
260 1883 362 1940 Linos.
384 1881 414 1940 in
437 1883 554 1941 lineam
577 1884 684 1942 Skand.
707 1884 750 1942 Fi.
772 1885 816 1944 ed.
833 1885 870 1957 8,
892 1887 972 1946 baud
994 1889 1032 1948 aul
1055 1908 1149 1966 genus
1171 1894 1225 1954 hee

1 1969 76 2027 rtinst
98 1969 150 2028 sed
175 1968 371 2044 probabiliter
392 1969 431 2027 ad
453 1969 593 2046 Hypatam
613 1971 744 2046 fleterre.

40 2055 206 2114 Fmrtinolie
228 2055 447 2132 dicbelymer‘dea
468 2057 571 2115 anoa.
594 2057 624 2115 in
647 2057 756 2117 Finslxa
778 2057 837 2117 vio.
861 2059 923 2118 See.
951 2059 1050 2133 1869,
1073 2061 1157 2123 Diels.
1180 2084 1228 2124 eo·

2 2143 65 2199 lecti
84 2143 222 2202 habitum
244 2141 390 2212 referens,
417 2143 491 2202 acl.
513 2143 675 2203 Bretbems
704 2145 734 2204 in
763 2145 827 2218 ripa
854 2145 935 2206 laces
969 2146 1076 2207 lenniei
1098 2149 1230 2226 Piojutrui

2 2232 39 2298 na,
59 2247 109 2289 neo
132 2230 172 2288 ael
196 2228 392 2305 Fontinelem,
416 2247 470 2288 nee
492 2231 530 2288 aul
553 2229 720 2307 &abelmea
742 2232 895 2292 referenda
919 2235 973 2305 est,
995 2237 1046 2294 aad
1069 2237 1167 2311 potius
1191 2238 1229 2297 ad

1 2335 87 2390 puero
118 2319 157 2376 ob
189 2315 326 2376 soliorum
355 2317 576 2390 dispositionem
603 2319 819 2392 pentastieham
846 2337 999 2395 eorumque
1022 2323 1230 2384 praelationem

2 2404 153 2474 pnoideam.
189 2403 275 2462 Folia
297 2403 471 2478 angustiora
493 2404 618 2475 enervia,
641 2408 767 2480 anguste
788 2405 1061 2468 lineari-reticulata
1077 2427 1140 2469 eam
1155 2412 1229 2472 eatis

1 2505 90 2563 perque
113 2491 153 2550 ab
168 2489 280 2568 Hypso
302 2490 434 2563 flabonis
457 2489 653 2567 distinguunt.

463 2691 717 2776 l'ribusll.

389 2829 790 2915 leeleraoeae.

39 2999 142 3067 Caelis
164 3000 331 3084 primarius
354 3021 462 3085 repens
484 3023 587 3070 ramos
610 3006 805 3072 mundanos
827 3007 928 3072 oenles
947 3007 1065 3076 feniles
1080 3007 1227 3076 sistentes

1 3109 67 3169 atos
93 3105 144 3172 vel
176 3105 326 3188 pendulos
357 3107 520 3184 emittens,
555 3107 725 3174 stolonibus
749 3109 799 3176 vel
821 3109 951 3176 ramulis
973 3111 1155 3178 lateralibus
1178 3112 1229 3178 vel

2 3207 178 3275 nlinuatione
201 3209 358 3274 terminali
380 3229 448 3276 sese
469 3211 628 3277 innovans.
673 3211 761 3278 Folia
783 3211 996 3292 5—8·stieba,
1020 3214 1151 3297 undique
1173 3233 1230 3298 pa-

1 3311 56 3389 rtia,
78 3313 205 3397 saepius
228 3315 435 3396 eomplanata,
458 3315 634 3398 plerumque
655 3316 838 3395 letinseula,
860 3315 977 3395 laevia,
1000 3335 1069 3382 raro
1091 3317 1229 3385 obsoleto

1 3413 107 3494 pillosa,
131 3417 254 3484 minute
277 3419 425 3498 areolata,
448 3413 560 3486 areolis
576 3421 782 3504 superioribus
797 3421 952 3487 rhembeis
969 3419 1016 3486 vel
1032 3421 1229 3490 brevi-linea·

2 3539 51 3598 ns,
72 3523 197 3606 oblique
221 3523 362 3602 seriatis,
391 3523 584 3590 interioribus
608 3544 661 3592 seu
683 3524 867 3591 besilaribun
889 3525 1011 3590 lineali·
1035 3525 1083 3592 vel
1104 3527 1230 3592 lineari·

1 3625 113 3708 -ngatis,
137 3627 348 3710 angularibus,
372 3627 452 3694 baad
466 3645 537 3694 raro
555 3627 672 3694 minute
694 3629 863 3720 quadratis.
894 3627 1025 3694 Fruatur
1047 3629 1079 3694 in
1101 3632 1230 3698 ramulis

1 3727 220 3796 labaetialibns
245 3730 312 3796 basi
334 3730 414 3796 baud
435 3731 657 3810 redieantibus,
679 3750 740 3798 non
758 3749 828 3797 rare
844 3731 1055 3817 longiusculis,
1077 3752 1132 3815 pro
1146 3753 1232 3802 mors

1 3831 133 3899 irbaetie
165 3835 258 3918 lengo
292 3834 455 3901 imbricato
490 3835 643 3902 immersa.
689 3834 835 3919 Calyptra
867 3836 972 3902 ooniea
994 3836 1042 3902 vel
1065 3838 1229 3919 annullata,

2 3933 28 4000 la
57 3938 105 4004 rel
138 3937 248 4020 pilosa.
293 3937 426 4020 Oapsnla
456 3939 558 4004 ereeta
587 3939 803 4022 symmetriea,
835 3939 991 4005 ranesima
1020 3959 1132 4006 esruua
1154 3943 1229 4010 snb·

2 4057 81 4107 nura.
126 4041 349 4109 Periatomium
375 4042 505 4124 simplex
528 4040 577 4108 vel
599 4041 720 4124 duplex,
743 4042 901 4108 ranssime
924 4042 1054 4108 nullum.

34 4145 146 4212 itibus
175 4165 194 4212 e
221 4147 337 4212 blaseis
367 4146 536 4215 numerosis
568 4146 715 4224 exoticis,
748 4145 895 4215 Familias
923 4145 1024 4228 plnres
1053 4149 1088 4212 et
1109 4145 1229 4214 Genera

1 4251 205 4330 eprehendens
227 4250 337 4329 multa,
360 4269 414 4332 pro
436 4250 571 4315 maxima
593 4251 681 4332 parte
703 4249 742 4314 ed
765 4249 845 4318 diem
868 4249 948 4318 male
970 4249 1117 4318 instituto
1140 4253 1230 4332 atque

2 4351 83 4418 'nita
