3188 5230
294 200 356 273 lul
851 200 1011 256 Pocuaceaa

401 378 532 462 ciliatis,
553 375 686 446 surculis
709 376 935 456 numeralibus,
957 374 1039 442 loliis
1061 368 1204 441 flexuosis
1226 362 1406 438 lanceolatis
1428 364 1568 435 serratis

401 484 508 550 Draus.
531 483 618 549 Fasc.
642 482 700 549 Ill.
722 481 772 548 Pl.
795 482 892 565 crypt.
916 499 946 563 p.
970 480 1000 559 5,
1023 480 1047 544 t.
1071 478 1142 557 vll,
1166 477 1187 542 l.
1211 475 1241 542 9.

296 587 546 655 Trictaromum
567 586 756 671 flcaifolium
779 584 879 651 Suum
903 585 986 650 Flor.
1010 581 1102 662 Brit,
1123 581 1216 666 Engl.
1238 580 1306 645 Bot.
1351 579 1444 643 Bora
1470 576 1572 661 Bryol

270 772 272 775 v
399 688 483 759 univ.
527 690 562 758 O.
583 691 718 757 Monens
741 689 870 774 synope.

292 798 499 884 Didymodon
519 795 709 881 flecisolium
731 794 831 861 Hoox.
848 795 881 860 et
897 794 992 859 Turn.
1015 793 1113 858 Musa.
1136 791 1216 857 Bria
1254 789 1442 856 Soswrson.
1469 786 1574 870 Suppl.

400 902 458 967 Ba.
482 903 514 968 et
536 900 609 968 Sca.
633 898 738 982 Bryol.
762 918 825 965 eur.
870 897 1002 963 Wrnsou
1024 897 1078 962 Br.
1101 894 1182 961 Brit.

293 1005 537 1093 Leptoconriom
557 1003 748 1089 flexisolc'um
769 1003 885 1068 Hamus
906 1002 1042 1069 Linnaea
1064 998 1136 1066 XX.

290 1125 365 1194 Var.
387 1132 418 1207 β.
440 1124 655 1212 gemmiferas.
700 1123 859 1191 Foliorum
885 1123 970 1189 costa
993 1122 1025 1187 in
1048 1121 1200 1205 apiculum
1229 1117 1486 1205 gemmuliiernm
1511 1137 1574 1200 pro

400 1231 504 1298 ducta.

378 1351 488 1418 Hobc't.
510 1350 586 1418 locis
608 1349 765 1434 lapidosis,
789 1349 933 1417 turlaeois
956 1348 1090 1428 exustis,
1113 1367 1170 1414 neo
1190 1366 1253 1413 non
1273 1346 1305 1412 in
1327 1345 1422 1411 tectis
1447 1347 1574 1411 strami-

291 1455 368 1536 neis,
390 1455 472 1522 baud
494 1474 564 1522 raro
586 1474 640 1540 per
662 1454 868 1534 Britanniam,
889 1453 1048 1521 rarissime
1063 1453 1195 1519 interra
1210 1449 1428 1517 continentali:
1457 1451 1573 1532 copiose

290 1559 323 1627 in
345 1560 474 1627 turiosis
497 1578 592 1644 propo
616 1560 743 1625 Baeton
764 1578 869 1625 sersus
892 1559 1101 1637 Moacbealer,
1123 1557 1156 1622 in
1178 1556 1245 1622 Ben
1268 1555 1349 1620 Lali
1372 1558 1407 1620 et
1430 1554 1467 1618 in
1492 1573 1573 1619 mou·

289 1664 373 1731 tibus
395 1663 522 1743 vicinis,
551 1664 716 1750 &wotos
741 1662 896 1730 claudet
918 1663 1068 1747 Alderlcy
1091 1662 1181 1747 Edge
1202 1659 1306 1727 comit.
1332 1659 1511 1738 contire,
1534 1678 1571 1741 ps.

290 1767 441 1834 Oxouiam
470 1767 590 1851 copiose
622 1769 654 1833 ot
684 1767 888 1850 pulcherrime
918 1768 971 1851 (H.
995 1767 1177 1851 Boswsuu);
1209 1764 1382 1830 Calocder
1413 1764 1450 1828 in
1474 1767 1572 1829 comit

290 1871 407 1953 Perat,
429 1871 549 1938 Scotiae
571 1872 625 1957 (A.
648 1871 711 1937 Mc.
734 1872 888 1957 Krunur);
918 1889 1012 1956 prope
1041 1869 1314 1954 Blaukonbnrgum
1336 1868 1520 1952 Hercyniae
1548 1868 1571 1929 ir

288 1976 373 2042 terra
401 1993 530 2042 arenosa
561 1975 618 2041 sub
639 1975 799 2041 fruticibus
831 1976 988 2060 (Haurr);
1020 1973 1052 2039 in
1074 1973 1243 2041 nemorosis
1265 1991 1312 2056 pr.
1329 1972 1471 2057 Aadnay
1494 1971 1572 2053 (Col-

287 2080 402 2162 ccdos)
433 2079 465 2144 et
495 2096 541 2160 pr.
566 2078 675 2144 &bon
698 2078 816 2162 (Orac)
844 2077 882 2144 cl.
905 2078 1036 2143 Husuor
1069 2075 1261 2142 abundanter
1290 2073 1408 2158 reperit
1436 2079 1474 2140 et
1497 2095 1572 2139 con·

287 2181 470 2260 munioavit3
499 2180 637 2249 sterilem
666 2183 780 2267 reperit
809 2182 960 2248 Bruobius
991 2184 1022 2248 in
1048 2181 1164 2248 Hassia
1196 2181 1351 2264 superiore
1382 2184 1416 2246 et
1443 2180 1571 2244 errs

287 2304 380 2370 propo
401 2285 640 2369 Saraepontum3
662 2293 765 2369 raab
787 2285 821 2353 in
843 2286 986 2354 Susasxia
1001 2288 1059 2354 ete.

376 2407 485 2474 Fruar.
509 2416 626 2474 matur.
649 2409 749 2492 primo
771 2427 852 2476 vere.

372 2520 496 2580 Plantae
518 2521 632 2581 fertiles
647 2522 773 2581 tenellae
789 2521 913 2581 humiles
933 2538 1000 2580 raro
1016 2520 1230 2590 semiuncialos
1253 2520 1369 2579 steriles
1385 2519 1572 2578 moussiae.

286 2605 405 2666 altiores
426 2607 544 2683 saepius
568 2609 652 2666 2-3
676 2609 778 2668 uncias
801 2609 995 2684 attingentes.
1030 2606 1114 2667 Folia
1135 2607 1350 2683 sublingulata,
1373 2606 1462 2681 apice
1479 2622 1572 2681 grosse

285 2692 417 2765 (lentata,
440 2694 560 2769 capsula
582 2695 700 2766 tenella,
721 2695 900 2767 mollissima,
923 2694 1048 2770 speciem
1070 2695 1145 2754 hanc
1168 2694 1368 2770 distinguunt

372 2780 453 2840 Folia
475 2781 642 2856 plantarum
664 2782 807 2842 sterilium
829 2783 948 2857 saepius
970 2782 1151 2857 gemmipara
1173 2782 1362 2856 reperiuntur
1385 2783 1420 2839 ut
1437 2780 1469 2838 in
1491 2778 1575 2838 blm

279 2863 465 2939 ptpuombc.

657 3045 685 3101 7.
721 3042 945 3112 Didymodon
968 3043 1195 3113 oyllndrloua

634 3164 745 3226 Weisia
768 3166 928 3242 cylindrica
950 3168 1056 3226 Bancn
1077 3135 1109 3226 in
1130 3168 1218 3226 an.

374 3287 532 3373 anspites
553 3292 648 3375 plani,
671 3314 741 3361 raro
764 3298 988 3378 tumescentes,
1011 3297 1091 3378 lari,
1115 3298 1243 3376 molles,
1268 3314 1399 3381 superne
1420 3295 1510 3360 laete
1533 3293 1578 3356 vel

284 3384 506 3472 flavo-virides,
529 3394 646 3462 inferne
667 3397 848 3466 albicantes.
892 3400 981 3466 Folia
1003 3401 1109 3485 longa,
1132 3399 1412 3483 flexuoso-patula,
1436 3398 1578 3463 linealis

283 3488 499 3574 subundnlata‚
523 3496 664 3565 siccitate
687 3499 818 3581 cirrata,
848 3503 915 3569 basi
937 3504 1061 3582 albida,
1083 3505 1144 3571 alis
1167 3504 1334 3590 fragilibus
1357 3502 1464 3587 opacis
1491 3501 1581 3567 valde

281 3597 501 3681 uerruculosis,
526 3603 665 3687 margine
696 3604 816 3672 minute
843 3608 1017 3688 maulaio,
1039 3608 1126 3693 apice
1149 3609 1296 3675 dentibus
1318 3607 1480 3675 nonnullis
1504 3625 1582 3670 naun·

280 3694 374 3811 nullis
396 3704 537 3779 remotis,
560 3709 647 3774 costa
669 3712 803 3793 angusta
826 3711 919 3778 tereti
941 3711 974 3780 in
996 3713 1152 3796 apiculum
1176 3714 1336 3796 producta
1381 3711 1529 3795 Oopsnlx
1551 3712 1581 3774 ir

279 3796 426 3915 pedracllo
448 3807 564 3890 pallido
587 3811 676 3877 molli
697 3816 810 3895 erecta,
833 3818 966 3901 auguste
988 3817 1196 3902 cylindraoea
1220 3819 1346 3895 tenella,
1369 3816 1494 3900 pallide
1520 3818 1582 3880 ier·

280 3916 415 3983 mgunea.
460 3908 643 3993 Opsrculum
660 3915 871 3985 subulirostre.
917 3919 1061 3987 Annnlus
1076 3925 1244 4006 angumtua,
1259 3922 1440 4005 persistens
1488 3921 1584 3987 Peri·

279 4001 386 4117 stomii
409 4010 514 4080 dantes
536 4019 668 4100 anguste
690 4017 990 4101 boculi-lanceolati
1013 4023 1139 4109 integri,
1162 4025 1212 4093 nel
1236 4026 1324 4092 vario
1339 4023 1431 4091 modo
1450 4028 1578 4107 patrm

280 4101 413 4190 1imque,
436 4113 635 4202 fugacissimi.
680 4121 784 4206 Bryol.
807 4144 871 4192 eur.
898 4125 1026 4208 v01.11‚
1049 4128 1127 4195 Tab.
1149 4129 1221 4197 187.

287 4218 411 4394 mg
430 4235 607 4402 cyzlndrica
638 4242 696 4306 Bra
728 4245 801 4310 mot
846 4245 936 4312 Brun
969 4249 1076 4334 Bryol.
1100 4250 1185 4316 univ.
1232 4248 1574 4318 amatunam

284 4420 400 4494 Wcia'a
413 4351 619 4511 rslavonicirgozrtaea
640 4447 740 4514 Hoox.
764 4451 805 4516 et
828 4452 924 4518 Taua.
948 4454 1047 4524 Musa.
1071 4456 1154 4524 Brit
1177 4459 1227 4527 eu.
1252 4459 1283 4527 2

275 4521 489 4614 Dl'dymodoa
510 4550 710 4618 encaustae
733 4553 830 4624 wm.
854 4555 886 4621 in
907 4557 1004 4626 Lond.
1028 4560 1138 4632 Journ.
1163 4562 1200 4629 of
1217 4562 1291 4631 Bor.
