3388 5218
231 307 322 368 xxvr
487 263 491 270 ’
782 305 956 369 nemeseus.

320 487 387 552 llas
409 487 481 552 sunt
502 486 683 570 praecipuae
710 487 854 575 capsulae
885 489 1021 565 formae,
1056 487 1088 552 et
1120 485 1148 552 si
1176 485 1254 554 aliae
1284 487 1406 552 exstant
1437 503 1512 569 quas

234 589 407 655 nominibus
430 589 608 673 compositis
630 591 839 675 designamus,
862 591 918 656 has
942 591 1092 673 explicare
1115 589 1194 655 haud
1218 607 1294 673 opus
1310 592 1369 668 est,
1392 608 1460 655 cum
1476 609 1512 654 ex

234 691 303 775 ipsa
325 693 458 758 nominis
480 693 700 776 compositione
723 692 802 760 satis
824 693 1050 778 cognoscendae
1073 695 1145 759 sint.

319 797 404 878 Quod
427 805 530 863 autem
553 798 590 862 de
612 798 756 880 capsulae
778 797 877 863 lormu
897 797 1039 874 diximus,
1062 798 1184 862 tantum
1200 796 1236 862 de
1259 797 1385 878 capsula
1407 815 1510 872 uerum

232 900 425 966 maturitatis
446 900 574 984 madum
598 901 711 982 adeptu
734 901 835 976 ualet.
858 919 931 966 nam
954 901 1024 982 post
1051 901 1185 982 operculi
1199 901 1321 982 lapsum
1337 919 1513 982 sperarum·

233 1021 289 1086 qne
312 1002 507 1070 emissionem
531 1005 604 1071 haec
632 1005 735 1070 omnia
764 1003 934 1069 mutantur.
980 1003 1149 1086 Operculo,
1182 1004 1362 1088 praeprimis
1392 1002 1511 1087 majori,

231 1106 367 1190 delapso,
390 1107 514 1190 capsula
537 1108 605 1190 plns
628 1108 766 1174 minusve
788 1109 932 1172 muscata
955 1107 1073 1185 euadit,
1097 1109 1131 1172 ut
1153 1107 1185 1172 in
1208 1108 1333 1185 Petelia,
1358 1107 1512 1172 oenone

236 1210 312 1289 clia,
337 1211 594 1288 cremauere..
618 1211 741 1276 etcum
765 1212 892 1295 capsula
913 1211 981 1292 ipsa
995 1213 1141 1277 evacuata
1157 1211 1335 1289 exsiccatur,
1358 1209 1472 1276 lormas
1495 1229 1513 1276 a

235 1312 402 1396 primitivis
425 1313 652 1380 diuersissimas
674 1313 783 1379 induit.
830 1313 1019 1396 superficies,
1043 1332 1118 1396 quaa
1140 1317 1231 1379 antea
1254 1313 1441 1397 glaberrirna
1462 1313 1512 1377 ni-

233 1416 356 1499 tidaque
378 1419 456 1496 erat,
480 1418 528 1482 ael
550 1419 743 1502 corrugatur,
766 1417 854 1482 utin
878 1417 1039 1500 plerisque,
1063 1418 1113 1483 rel
1135 1417 1318 1500 deprimitur
1332 1419 1513 1484 excavatur-

233 1537 290 1602 que
313 1521 348 1584 ut
370 1519 401 1584 iu
419 1520 622 1585 ffloboumio
637 1519 778 1606 optuitu,
799 1519 832 1585 in
848 1520 1051 1606 Polymedia
1074 1522 1122 1587 rel
1138 1522 1241 1586 sulcas
1258 1521 1359 1605 magis
1375 1521 1513 1586 minusve

233 1623 390 1707 profundis
405 1624 558 1702 exaratur,
580 1626 617 1689 ut
631 1624 662 1688 in
678 1624 818 1691 omnibus
834 1624 897 1690 lere
914 1623 1122 1690 Ortlrotriolsis
1137 1627 1229 1706 atque
1252 1623 1361 1704 Utctis,
1384 1623 1415 1687 in
1431 1622 1513 1686 Bor·
1558 1653 1570 1676 ι

233 1729 378 1807 leumiim
416 1728 626 1794 contractione
664 1728 784 1813 longior
826 1729 919 1810 atque
952 1729 1113 1812 angustior
1155 1727 1192 1793 lit
1233 1729 1265 1794 in
1304 1727 1511 1793 Ortlotriclria

232 1830 370 1913 pluribus
392 1831 423 1896 et
445 1831 602 1898 nonnullis
625 1831 718 1909 aliis;
742 1831 862 1896 brevior
884 1831 975 1912 atque
998 1831 1094 1896 latior
1115 1831 1147 1896 in
1164 1831 1270 1896 Pollio
1293 1832 1459 1912 minutula,
1481 1829 1513 1894 in

114 1981 117 1989 .
234 1932 484 2019 Physcomitriis,
507 1935 539 2000 in
562 1935 793 2019 Sploclonoeeis,
817 1935 848 1999 in
872 1934 1022 1999 Climacio
1044 1937 1121 2011 eto.;
1145 1936 1178 2000 in
1200 1936 1248 2001 his
1269 1935 1418 2002 orificium
1440 1953 1512 2001 con-

234 2035 365 2120 spicitur
379 2045 583 2120 coarctatum,
598 2039 633 2103 ut
648 2038 681 2103 in
697 2039 903 2120 Baetramiis,
919 2038 951 2102 in
974 2039 1064 2104 Uloto
1080 2038 1251 2124 Ludwiyii,
1273 2038 1512 2118 mmmcmlii,

233 2148 412 2223 coarctato,
434 2141 466 2206 in
488 2141 554 2208 illis
576 2142 763 2224 dilatatum,
786 2145 820 2208 ut
842 2143 874 2207 in
897 2143 1128 2226 Ptyaeomitrio
1149 2144 1313 2227 sphaerico
1320 2191 1330 2225 ,
1353 2143 1385 2207 in
1409 2143 1514 2208 Poura

232 2244 414 2328 sucessum
445 2252 591 2310 truncato
602 2294 612 2327 ,
645 2245 677 2312 in
701 2247 860 2312 Grimmic
891 2249 1062 2329 onodoate,
1096 2268 1259 2332 opocarpo
1269 2296 1278 2328 ,
1313 2248 1345 2312 at
1376 2247 1432 2312 sub
1461 2264 1514 2312 ore

232 2350 484 2432 nroemtatum,
514 2349 547 2413 in
577 2349 667 2416 Uicto
690 2353 798 2436 crispo
821 2351 852 2416 et
875 2351 1017 2434 crispulo
1028 2399 1037 2431 ,
1065 2351 1097 2414 in
1123 2350 1321 2415 Orthotricho
1343 2349 1438 2432 affini
1447 2397 1456 2428 ,
1478 2347 1511 2412 in

235 2451 322 2535 Bryo
337 2459 476 2534 ueduata,
494 2455 782 2540 paeeedotriquetro,
798 2457 957 2519 turbinato
979 2455 1132 2520 simultis
1148 2455 1218 2520 aliis
1235 2455 1338 2539 BryiS,
1361 2454 1392 2520 in
1413 2453 1514 2520 Toui-

233 2555 287 2618 oto
309 2557 528 2638 tumorisee‘no,
551 2559 727 2639 delicatulo,
749 2558 782 2622 in
803 2557 1014 2644 Amblyateqe'o
1037 2565 1186 2642 serpente,
1209 2559 1241 2623 in
1267 2557 1513 2643 Rtyrsctostepio

233 2659 377 2722 daniaco.
408 2657 474 2724 Hoc
496 2662 633 2742 tempore
655 2661 738 2726 color
760 2659 901 2741 capsulae
923 2679 984 2725 non
1006 2660 1107 2726 minus
1129 2663 1270 2726 motatur
1291 2679 1382 2743 quam
1398 2660 1512 2726 lorma:

233 2761 386 2828 virescens
408 2781 515 2848 nempe
537 2765 672 2842 latescit,
695 2765 797 2830 luteus
819 2763 973 2843 mucescit,
996 2765 1081 2830 rufaus
1104 2766 1256 2830 bronueus
1279 2763 1328 2831 vel
1351 2768 1513 2830 castaneus

232 2865 351 2944 avaut,
373 2869 535 2933 castaneus
558 2870 679 2934 atratus
701 2866 852 2946 efficitur,
876 2875 1042 2950 purpureus
1064 2868 1096 2933 in
1118 2868 1241 2934 badium
1265 2867 1314 2932 vol
1337 2867 1510 2950 spadiceum

232 2969 356 3036 nonsit.
399 2971 435 3036 ln
458 2971 528 3037 aliis
550 2971 630 3036 aliae
653 2970 845 3053 reperiuntur
866 2971 1069 3046 mutationes,
1092 2989 1167 3054 quas
1191 2989 1296 3036 omnes
1319 2969 1368 3035 hio
1390 2989 1514 3038 enume-

232 3089 301 3138 rare
322 3074 354 3138 ot
375 3074 545 3141 describere
567 3073 659 3139 nimis
681 3074 774 3158 longa
796 3075 827 3139 ot
849 3073 898 3138 vir
922 3091 1029 3156 operae
1052 3072 1204 3156 praetium
1227 3074 1318 3140 esset.

319 3175 352 3242 Si
375 3177 413 3242 od
435 3177 576 3260 capsulae
598 3177 795 3244 directionem
818 3177 971 3260 respicies,
994 3195 1062 3242 eam
1084 3195 1139 3260 pro
1161 3175 1255 3242 variis
1278 3175 1435 3259 speciebus
1458 3195 1512 3242 va-

234 3279 312 3344 riam
335 3277 463 3346 ridebis.
494 3281 610 3346 Ereoto
632 3277 756 3359 dicitur,
779 3280 806 3345 si
829 3280 969 3363 pedicelli
991 3281 1191 3348 directionem
1213 3281 1392 3348 verticulum
1409 3284 1513 3347 servat

233 3383 269 3448 ut
292 3383 323 3447 iu
346 3382 487 3468 plurimis
511 3384 692 3464 Pollicens,
716 3383 747 3448 in
770 3383 1000 3468 Pbpsoomitre'o
1019 3385 1188 3469 pirdformi
1209 3387 1241 3449 et
1263 3385 1448 3469 sphaerico,
1477 3383 1509 3448 in

234 3485 393 3568 dlimoeio,
413 3485 445 3550 iu
461 3485 602 3568 plurimis
619 3487 803 3572 Hypaareis
818 3507 948 3570 quarum
963 3489 1088 3569 capsula
1102 3487 1195 3572 uulgo
1210 3491 1312 3555 erecta
1327 3491 1386 3568 ast,
1402 3505 1511 3571 quam·

234 3589 281 3656 via
304 3589 430 3656 curvata
451 3587 636 3672 conspicitur
657 3590 678 3656 i.
702 3609 728 3656 e.
760 3608 779 3656 a
809 3591 877 3656 basi
908 3593 1011 3657 erecta
1042 3592 1082 3658 ad
1113 3590 1197 3657 latus
1231 3591 1344 3659 leniter
1365 3591 1511 3666 cmvata;

231 3711 351 3758 cernuo
372 3692 486 3758 dicitur
508 3709 577 3758 oum
599 3711 660 3760 una
674 3710 742 3758 cum
765 3693 844 3760 collo
866 3713 884 3760 a
906 3694 1047 3760 verticuli
1070 3695 1151 3761 linco
1173 3695 1287 3780 angulo
1310 3693 1399 3760 acuto
1415 3693 1511 3760 decli·

232 3795 297 3872 nat,
320 3797 356 3860 ut
379 3793 410 3861 iu
434 3793 637 3860 Cenatode
653 3815 837 3881 purpureo,
867 3796 899 3861 in
922 3795 1163 3863 Desmatodonta
1185 3819 1310 3878 eunuc,
1341 3797 1373 3863 in
1397 3799 1510 3862 (baoa-

231 3905 312 3964 tceac
334 3899 470 3978 berula·
502 3899 654 3964 iuctiuoto
676 3899 703 3966 si
725 3900 841 3984 angulo
863 3898 1011 3966 lus-85⁰
1032 3919 1052 3966 a
1073 3899 1213 3968 caniculi
1234 3899 1388 3980 declinat,
1422 3900 1456 3965 ut
1477 3899 1509 3965 in

240 3999 369 4067 Webero
391 4003 572 4087 lonpicodo,
604 4005 725 4081 οιιιιίιι,
753 4004 785 4068 in
808 4004 1015 4068 Aedoeomuio
1038 4006 1243 4089 orrdrcpyao,
1266 4003 1346 4070 inter
1369 4021 1510 4071 cornuam

171 4101 178 4112 '
231 4106 264 4171 et
302 4103 520 4172 horizontalerc
551 4105 748 4172 directionem
785 4107 875 4172 valde
911 4108 1073 4192 ambigam
1110 4109 1329 4190 torr'eoalolis,
1366 4107 1393 4172 si
1430 4107 1510 4173 hori·

236 4209 357 4274 aenum
380 4227 485 4276 ansus
508 4213 650 4293 spectans
673 4209 820 4295 angulum
853 4213 971 4276 rectum
1001 4229 1071 4276 cum
1102 4210 1249 4294 pedicello
1274 4209 1388 4290 allicit,
1420 4213 1457 4276 ut
1478 4210 1509 4276 in

235 4311 325 4376 Maio
340 4311 450 4395 horno,
466 4313 724 4399 ordirerrhyncho,
747 4313 779 4378 in
796 4313 975 4399 Polycaste
986 4314 1119 4400 pilifero
1137 4317 1207 4397 post
1223 4313 1357 4396 operculi
1372 4311 1509 4395 lapsum3

234 4423 361 4496 auton,
383 4414 410 4481 si
433 4415 574 4499 pedicelli
596 4417 763 4484 curvatura
778 4417 924 4500 angulum
940 4421 1023 4484 recto
1046 4416 1194 4484 minorem
1217 4415 1313 4484 elficit
1328 4416 1374 4487 ita
1391 4419 1425 4482 ot
1440 4435 1509 4499 cap

234 4519 302 4584 sola
314 4521 427 4586 terram
437 4519 558 4602 oblique
572 4519 732 4604 adspiciat,
748 4521 784 4586 nt
798 4520 830 4586 in
853 4519 933 4588 Web.
943 4527 1083 4603 ouante,
1099 4521 1156 4587 Br.
1167 4522 1355 4606 caespiticio,
1371 4521 1403 4586 in
1419 4519 1509 4585 Maio

237 4624 373 4713 spinoso,
391 4631 562 4726 punctoto3
597 4623 732 4690 limonio
754 4624 987 4712 mepcpoiitouc
1008 4625 1041 4696 ct
1063 4627 1246 4707 auctricem
1274 4625 1416 4711 pardulo
1439 4641 1508 4690 urm
