3182 5252
557 349 749 409 Andreaiacaae.

453 541 504 594 10.
534 538 695 594 Andreas
715 537 851 593 falcata.

519 645 584 703 Son.
608 642 705 718 Bryol.
729 661 787 701 eur.

104 777 276 855 Pertcnuis,
298 777 436 858 parvula,
458 774 798 858 depresso-caespitem,
821 771 969 854 caespites
991 771 1053 836 atri
1075 771 1169 854 opaci.
1208 771 1287 838 Cau·

25 882 59 946 lis
80 901 167 965 parce
189 901 338 961 ramosus,
361 881 491 946 maxime
514 879 646 964 fragilis.
691 878 778 944 Folia
800 876 1073 955 falcato-secunda,
1096 875 1194 942 abasi
1208 875 1288 942 dila-

25 985 227 1052 tatoobouata
250 987 378 1067 abrupte
400 982 744 1060 lanceolato-snbuluta,
767 981 852 1064 apice
874 979 1180 1064 eroso-emarginata,
1202 981 1288 1046 costa

23 1091 157 1172 depressa
173 1109 242 1155 cum
258 1090 307 1154 vel
322 1089 381 1154 snb
396 1087 481 1170 apice
497 1089 631 1166 finiente,
655 1087 735 1152 sicca
749 1088 785 1151 ut
799 1086 924 1152 humida
940 1104 1042 1167 opaca,
1065 1085 1174 1152 laevia.
1204 1085 1288 1152 Peri·

23 1196 127 1260 chaetii
151 1195 226 1261 folia
247 1195 312 1260 illis
335 1193 545 1276 praecedentis
567 1192 716 1270 breuiora,
739 1191 867 1268 latiora;
894 1191 1014 1256 caetera
1037 1189 1140 1255 omnia
1163 1189 1287 1256 similia.

22 1299 118 1382 Brpel.
142 1319 206 1365 eur.
234 1298 298 1364 Vol.
322 1297 375 1377 Vl,
398 1296 473 1363 Tab.
498 1295 571 1362 634.

24 1421 170 1485 Arrdrcc‘a
193 1420 301 1485 Bottia·
322 1437 386 1485 var.
407 1418 530 1502 falcata
552 1417 585 1482 G.
608 1417 743 1482 Mundus
765 1415 891 1498 Synops.

101 1541 212 1606 Haoie.
247 1540 284 1606 ad
316 1559 404 1624 rupes
427 1537 564 1605 madidas
588 1537 674 1604 basin
696 1535 864 1620 glacierum
887 1536 1202 1601 Barcina-ceterae
1223 1535 1288 1600 dic·

22 1649 115 1712 tarum
143 1647 175 1711 in
198 1646 358 1732 Engadinc
387 1645 545 1730 cingentes
569 1661 647 1708 anno
673 1642 752 1707 1845
783 1641 883 1708 deteri
911 1643 943 1706 et
965 1659 1043 1706 anno
1069 1639 1152 1706 1856
1175 1641 1287 1707 iterum

22 1751 93 1836 legi;
126 1751 166 1818 ad
193 1770 298 1834 rupem
329 1750 498 1816 valleculae
526 1749 663 1814 desertae
687 1746 900 1832 neap-usca
922 1765 1027 1812 versus
1054 1745 1287 1830 Tap-of-Sccw-

22 1857 76 1920 dou
106 1857 187 1938 (ipse
219 1854 330 1939 1865);
362 1854 394 1918 in
427 1853 546 1919 Sectiee
577 1872 618 1916 m.
655 1851 880 1916 Bec-Otcttcm
915 1851 1161 1936 (nuculeum)
1191 1852 1224 1917 et
1256 1854 1288 1916 in

22 1979 54 2024 m.
79 1959 165 2024 Lech
188 1955 326 2024 Kondor
348 1957 400 2041 (G.
422 1957 544 2040 Huur),
576 1956 608 2019 in
630 1954 784 2038 Hercynia
807 1951 959 2038 superiore
981 1955 1229 2038 (Luscumnur),
1257 1955 1288 2019 in

22 2083 123 2130 summ.
156 2063 382 2146 Pyrenaeorum
414 2062 494 2127 Part
523 2063 560 2126 de
589 2060 748 2145 Venusque
779 2059 971 2143 (Kmnsuuc)
1000 2061 1032 2124 et
1063 2078 1155 2144 prope
1187 2060 1288 2126 lacum

22 2169 152 2252 Slcmcjo
176 2167 337 2252 (Dumna).

98 2271 210 2336 Fruct.
233 2277 349 2336 matur.
373 2269 501 2336 aestate.

99 2384 298 2444 Praecedente
321 2382 475 2458 gracilior,
505 2381 581 2440 foliis
612 2399 626 2439 e
657 2379 721 2439 basi
752 2381 815 2438 lata
846 2379 944 2440 subito
965 2379 1288 2440 lanceolata-subulatis

22 2471 106 2545 magis
136 2471 257 2530 falcatis
283 2471 398 2531 omnino
425 2467 539 2543 opacis,
566 2468 647 2526 costa
675 2485 737 2525 cum
762 2467 824 2525 folii
847 2467 957 2543 pagina
979 2469 1139 2542 angustata
1161 2467 1289 2540 finiente,

22 2558 194 2630 perichaetio
217 2558 347 2618 breviore
371 2556 539 2617 constanter
560 2555 708 2613 distincta.

481 2723 517 2778 B.
553 2719 677 2774 Ftcrcc
695 2719 812 2774 dictet.

452 2854 496 2910 11.
534 2853 693 2908 Andreae
713 2852 850 2920 nlyccii.

520 2974 586 3033 Son.
608 2973 706 3049 Bryol.
729 2992 788 3033 eur.

96 3105 247 3182 Minima,
281 3105 465 3184 tenerrima,
488 3105 667 3172 densissime
689 3105 866 3188 pulvinata,
895 3106 1214 3173 brunnen-luscescens
1237 3107 1286 3172 vel

22 3209 158 3290 profunde
181 3208 261 3274 atra.
308 3207 410 3273 Cauiis
433 3209 598 3291 pertenuis,
622 3209 782 3293 rigidulns,
806 3209 936 3294 fragilis,
960 3209 1284 3293 fastigiata-ramosus,

22 3313 159 3378 adicsns.
190 3311 279 3378 Folia
294 3312 673 3392 divaricato-homomalla‚
696 3314 735 3380 ad
757 3313 856 3395 apices
873 3314 998 3396 plantae
1011 3313 1283 3392 falcato-secunda,

22 3419 115 3483 abasi
137 3417 220 3483 orali
244 3417 291 3481 vel
315 3419 408 3482 ovata
430 3416 531 3482 subito
547 3417 699 3498 subulcta,
724 3417 887 3495 sublaevia,
911 3418 1018 3496 nitida,
1043 3417 1176 3502 fragilia,
1198 3421 1283 3484 costa

22 3523 107 3587 etam
130 3523 193 3588 iere
216 3522 335 3603 partem
358 3522 530 3586 subulatam
554 3523 717 3605 occupante
740 3521 918 3600 semitereti,
946 3522 1139 3587 extremitate
1160 3521 1282 3607 longius

22 3629 133 3693 exeunte
149 3625 253 3706 tereti,
276 3625 370 3708 apicis
387 3625 498 3692 areolis
520 3626 668 3703 rotundis,
691 3627 773 3692 basis
797 3625 935 3691 omnibus
958 3625 1154 3710 rectangulis.
1186 3625 1281 3691 Plan-

22 3749 60 3796 ·ae
82 3732 237 3797 masculae
258 3732 447 3816 aggregatae
469 3729 606 3795 femineis
628 3730 795 3806 tenuiores;
819 3731 975 3814 perigenis
997 3729 1167 3814 majuscula
1189 3729 1282 3795 hexa-

22 3835 125 3918 stylla,
148 3835 230 3901 toliis
252 3834 353 3899 tribus
376 3833 503 3899 internis
526 3835 557 3898 in
580 3834 766 3918 gemmulam
782 3833 886 3914 unitis,
908 3834 1101 3912 acuminatis,
1124 3835 1280 3914 constatis,

22 3939 188 4005 intheridiis
211 3938 230 4003 5
255 3939 286 4003 et
309 3937 434 4021 tilenge
450 3937 651 4020 pedieellatis,
674 3937 894 4020 paraphysibus
909 3937 1107 4022 longioribus,
1130 3936 1281 4003 filiformi·

22 4061 74 4122 uus,
96 4042 248 4108 flexuosis.
293 4041 517 4107 Perichaetium
550 4061 714 4126 magnum,
746 4041 821 4106 folia
851 4043 972 4107 centina
1001 4042 1090 4125 lenge
1119 4061 1278 4124 supe1·ans;

22 4145 81 4210 otia
104 4149 229 4212 externa
250 4149 366 4224 erecte,
394 4147 513 4211 interna
535 4145 769 4221 subconvoluta,
802 4145 1114 4230 elongato-oberata,
1147 4146 1280 4212 breviter

22 4250 171 4330 spiculata,
193 4252 434 4333 externamque
457 4250 496 4315 ad
518 4252 633 4333 apicem
650 4250 862 4328 tenuicostata,
886 4251 1005 4316 interna
1019 4252 1167 4316 ecostata.
1200 4251 1278 4334 Gap-

22 4355 76 4419 rula
98 4355 224 4420 minima
245 4354 467 4420 conice-ovata.
512 4353 615 4439 Bryol.
639 4374 703 4420 eur.
727 4354 794 4419 Vol.
818 4353 872 4432 VI,
895 4354 968 4419 Tab.
993 4353 1069 4420 635.

22 4477 162 4542 Andreae
177 4477 414 4562 perictueticlis
437 4478 651 4542 Zmrunsrnnu
674 4477 812 4561 Monogr.
834 4475 931 4542 Andr.
954 4495 983 4559 p.
1006 4475 1057 4542 26.

95 4597 203 4663 Hebit.
226 4599 258 4663 in
274 4599 466 4665 ninmarkiae
488 4598 589 4664 insula
608 4599 722 4678 Recede,
745 4599 795 4664 ubi
819 4599 856 4664 cl.
871 4599 975 4664 Bnurr
996 4597 1121 4676 detexit,
1143 4598 1174 4662 in
1199 4599 1276 4664 Her-

22 4697 135 4768 icdaliae
151 4702 244 4787 dlpp.
267 4703 349 4769 inter
364 4703 529 4770 Stcedutm
545 4705 577 4770 et
591 4703 811 4786 Hcftorstdten
834 4703 1024 4790 (urrsrnu),
1047 4703 1079 4768 in
1100 4701 1170 4786 Alp.
1186 4703 1274 4768 Run-
