3402 5234
715 337 876 395 summae.
1375 337 1437 407 183

156 514 491 588 mansurumve
509 514 673 601 superante
686 513 818 591 suffulti,
839 513 976 582 cruribus
991 513 1060 582 basi
1074 512 1305 599 conglutinatis,
1327 512 1438 582 dehinc

157 623 206 690 uel
228 621 352 688 omnine
373 621 481 688 liberis
504 620 553 688 vel
574 617 690 704 partim
711 617 955 698 cohaerentibus,
978 617 1130 697 tenuibus,
1153 619 1243 684 valde
1264 617 1434 702 papillcsis.

156 727 272 811 Sperne
303 725 450 793 minimae
479 726 516 794 ut
545 724 578 791 in
600 723 798 808 praecedente
820 723 871 790 rix
909 723 979 804 ¹lcce
1005 743 1079 790 mm.
1111 722 1289 803 metientes.
1323 723 1435 804 laeves,

155 831 338 914 tiaphanas,
360 827 661 915 lusce-lermgineae.

247 952 356 1018 Hace.
388 951 452 1038 legi
482 969 554 1020 rere
586 948 669 1017 1873
697 948 730 1016 iu
751 950 894 1017 cemento
916 949 1053 1016 calcarec
1074 949 1114 1016 ael
1136 949 1306 1017 aediculam
1329 951 1436 1017 Scint-

156 1055 290 1123 Onssien
311 1055 344 1121 in
365 1055 534 1122 monticulo
558 1053 801 1121 Moru-Weidner
822 1053 905 1121 inter
929 1054 1052 1122 &anea
1073 1056 1105 1124 et
1127 1055 1159 1120 lu
1181 1053 1337 1142 Nupculc.

245 1159 354 1228 Μ.
378 1168 495 1227 παύων.
518 1157 630 1244 Aprili.

244 1289 416 1350 Plantamm
437 1289 511 1349 facie
527 1289 557 1349 et
571 1287 774 1365 magnitudine
789 1291 822 1348 ut
837 1291 868 1350 et
883 1290 1020 1364 capsulae
1036 1289 1131 1351 ferma
1147 1290 1333 1366 praecedenti
1349 1289 1434 1350 valde

155 1375 273 1448 similis,
301 1378 352 1438 scel
386 1377 502 1438 (lirense
524 1373 602 1436 feliis
623 1373 810 1437 inlenoribus
832 1375 956 1448 obtusis,
978 1377 1177 1464 superioribus
1206 1377 1436 1456 angustioribus,

155 1459 415 1540 perichactialibus
448 1463 543 1524 laxius
572 1463 679 1535 tentia,
712 1463 808 1523 minua
836 1462 923 1538 lenge
950 1465 1104 1524 subulatis.
1148 1459 1252 1525 Differt
1275 1481 1293 1525 a
1316 1463 1434 1542 [aptet.

162 1550 287 1610 Walters·
308 1550 386 1612 feliis
408 1549 594 1612 interioribus
616 1549 810 1622 breuioribus,
841 1549 1006 1623 latiaribus,
1028 1551 1150 1625 obtenu,
1172 1551 1370 1627 superioribus
1391 1551 1435 1610 la-

157 1637 291 1708 tioribus,
313 1635 435 1714 capsula
457 1638 488 1698 in
510 1637 651 1714 pedicellc
674 1637 762 1714 duple
781 1636 913 1714 lungiure
936 1638 1002 1714 ipsa
1017 1639 1136 1714 majera,
1157 1638 1302 1712 solidiore,
1324 1653 1434 1715 augus·

156 1725 217 1786 tius
238 1727 330 1786 texta.

541 1865 572 1923 8.
601 1865 862 1937 Laptobubula
883 1864 1043 1924 winton.

104 2099 113 2114 ’
242 2011 409 2082 Plantulae
424 2011 546 2081 militm.
562 2011 649 2081 2-4
669 2013 762 2096 altae,
786 2015 994 2098 tenuissimae,
1016 2015 1153 2085 ramulos
1175 2016 1395 2104 micrcphplles
1417 2038 1434 2085 a

154 2117 222 2185 basi
244 2117 434 2186 emittentes.
480 2111 569 2185 Folia
590 2117 712 2186 caulina
737 2118 880 2188 inferiora
902 2139 1027 2206 sparsa,
1054 2121 1209 2206 superiora
1232 2123 1435 2204 comantia,e

151 2223 222 2290 tasi
244 2221 326 2291 cauli
347 2221 493 2307 adprensa
515 2223 623 2308 patula
644 2225 676 2291 et
699 2243 821 2312 sursum
842 2225 982 2305 curuata,
1004 2225 1303 2296 lineari-lanceolata
1318 2223 1367 2295 vel
1382 2247 1435 2294 su·

153 2323 279 2407 balatu,
309 2324 410 2394 aalide
431 2324 729 2410 depresso-costam.
761 2331 847 2408 costa
868 2329 953 2396 lutea
974 2331 1007 2398 et
1028 2329 1229 2414 lutee-lusca,
1258 2351 1328 2400 cum
1349 2330 1436 2416 apice

154 2430 288 2510 finiente,
311 2430 470 2514 superficie
491 2432 524 2496 et
546 2431 686 2518 margine
707 2431 862 2516 inaequali
882 2433 971 2501 valde
993 2434 1215 2515 uerruculesis3
1238 2437 1304 2505 rete
1317 2435 1436 2504 medie·

153 2533 248 2603 enter
262 2537 441 2620 augustum,
463 2531 645 2618 quadratum
668 2537 701 2604 et
721 2538 935 2624 rectaugulum
956 2537 1246 2625 chlcrcphyllesum,
1268 2540 1435 2609 venuculis

153 2639 360 2719 obscuratum,
375 2639 415 2706 ad
429 2638 519 2704 basin
529 2639 639 2718 laxius,
662 2641 767 2708 exacte
781 2643 1004 2728 rectangulum,
1027 2641 1198 2728 hyalinum
1213 2664 1230 2711 e
1245 2643 1364 2713 cellulis
1379 2665 1435 2730 pa·

152 2739 355 2828 chydermieis
377 2739 584 2809 aclidiuaeulis
604 2741 780 2813 formatum.
824 2743 897 2813 Flos
920 2747 1075 2814 masculus
1097 2748 1130 2814 in
1145 2747 1286 2832 plantula
1300 2749 1434 2834 simplici

153 2845 338 2927 terminalis,
353 2845 554 2913 crassiuacule
565 2844 799 2932 gemmiicrmia
821 2851 1028 2936 pclyphyllus,
1050 2852 1289 2939 perigenialibus
1312 2851 1433 2920 intimis

153 2952 222 3018 laxe
251 2951 365 3031 textis,
399 2947 557 3020 euastatis.
600 2946 674 3019 Flos
704 2950 852 3021 femineus
879 2957 1016 3023 masculo
1044 2957 1208 3043 gracilior,
1241 2955 1433 3044 archegcniis

152 3055 302 3140 pluribus,
323 3054 548 3140 paraphysibus
568 3055 828 3124 numerosissimis
847 3056 1049 3146 longioribus.
1093 3061 1319 3129 Perichaetium
1341 3061 1435 3130 semi·

152 3159 314 3246 sagium,
337 3157 413 3227 lolia
427 3157 660 3244 perichaetialia
674 3180 691 3229 e
706 3161 774 3230 basi
788 3162 857 3230 lata
870 3164 1002 3232 eborata
1024 3165 1127 3233 subite
1150 3167 1303 3246 subulata,
1325 3165 1434 3234 subula

151 3281 276 3331 sursum
303 3265 441 3332 arcuata
485 3263 620 3348 capsula
648 3265 682 3332 in
711 3261 859 3350 pedicellc
889 3267 1012 3337 millim.
1044 3268 1129 3336 7-8
1159 3270 1253 3356 longo
1282 3287 1433 3354 purpureo

150 3371 266 3447 erecta,
303 3367 412 3436 unalia
456 3367 641 3452 Operculum
676 3372 808 3456 auguste
843 3371 982 3439 cenicum
1013 3371 1124 3439 leniter
1151 3373 1320 3440 curvulum.
1364 3373 1433 3440 An·

150 3471 244 3540 nulus
265 3472 405 3556 perlatus
426 3491 444 3538 e
466 3472 602 3540 scnebm
624 3467 806 3541 cellularum
830 3475 960 3560 quatuor
980 3475 1188 3561 compositus,
1217 3476 1351 3544 maxime
1373 3476 1433 3562 hp·

149 3577 358 3666 gresecpicm.
401 3577 619 3646 Peristcmium
641 3597 804 3665 mugnum3
834 3579 942 3648 tantm
970 3581 1003 3646 in
1024 3581 1204 3648 membrana
1224 3579 1355 3648 bcsilsrl
1376 3599 1432 3647 au·

149 3683 255 3752 rantia
277 3683 701 3762 vermiculare-verruculum,
723 3683 861 3751 cruribus
882 3703 978 3768 usque
1001 3683 1040 3751 ad
1060 3683 1151 3752 mun
1171 3683 1288 3763 liberis,
1310 3685 1378 3753 laxe
1398 3686 1432 3752 et

149 3787 248 3856 semel
270 3786 438 3868 contortis,
467 3787 601 3855 maxime
622 3785 801 3871 pupillaris,
823 3789 944 3855 rutulis.
988 3789 1170 3856 Membrana
1191 3787 1359 3872 capsularis
1381 3789 1432 3855 sat

150 3893 246 3959 dense
268 3891 785 3978 tempero-rectangulc-areclata.
828 3891 943 3977 Speras
963 3891 1119 3960 minimae.

239 4010 350 4080 flue.
372 4011 407 4079 in
428 4012 553 4098 rupibus
575 4011 721 4081 calcaneis
743 4029 838 4099 prope
853 4011 1155 4099 Mcadcesuleticuis
1170 4013 1428 4104 Saraepentanac,

148 4115 267 4183 temnit
290 4109 330 4183 cl.
352 4113 450 4183 Pana.
471 4113 608 4183 Wrnrrn
630 4131 710 4184 anne
734 4112 827 4186 1863.

238 4217 350 4286 Μ.
374 4227 490 4288 mutar.
513 4233 594 4289 vere.
637 4217 769 4288 Fructus
790 4220 918 4306 perrari

237 4331 338 4393 caum
359 4329 481 4408 simplex
503 4331 598 4392 rarius
629 4345 754 4409 superne
780 4329 892 4395 ramulo
922 4348 980 4394 unc
1006 4331 1135 4393 alterove
1164 4329 1354 4408 miemphylle
1383 4329 1428 4389 in·

148 4421 281 4482 amca·
303 4417 415 4480 milliar.
437 4419 521 4480 3-5
544 4417 632 4480 altus.
1021 4445 1024 4451 ·
