4862 5360
979 277 1179 338 Gnmmlaoeae
1650 272 1711 342 281

480 453 562 520 blesis
582 452 711 522 remotis.
756 453 846 522 Folia
867 454 985 538 patula,
1008 457 1178 524 retrorsum
1201 456 1232 521 et
1255 471 1376 520 sursum
1400 451 1542 530 curuato,
1563 450 1713 517 tormina-

479 557 624 641 irsaopios
645 557 684 624 ad
706 577 804 624 unum
827 558 909 625 latus
933 558 1062 644 dejecta,
1085 577 1122 626 ex
1143 559 1276 645 oblonga
1292 557 1580 624 carimate-concava
1595 555 1627 621 et
1641 555 1713 621 sub·

479 659 562 726 ulcata
589 661 652 727 basi
682 663 817 746 anguste
847 662 1018 729 lanceolata
1047 666 1080 730 et
1102 659 1430 749 prosumus-oammte,
1463 660 1501 727 ao
1524 660 1625 725 latera
1646 658 1714 724 tota

478 765 624 849 ‚onptudine
645 766 774 848 reflexa,
810 767 959 834 acuminis
991 766 1344 852 lanceolatoplliiormis
1377 764 1518 850 margine
1546 763 1712 843 crapulato,

478 869 594 950 omnine
623 871 719 938 totius
753 870 889 939 laminae
920 872 1039 939 minute
1072 872 1242 957 papillosa‚
1275 872 1363 939 costa
1395 868 1534 954 pertenui
1564 885 1712 944 concava;

478 971 660 1054 mnasonis
693 975 779 1042 ultra
810 976 945 1042 medium
978 977 1168 1062 vagmantia.
1213 975 1346 1060 Capsula
1377 975 1409 1040 in
1440 971 1587 1056 pedieello
1621 971 1713 1056 longe

477 1095 586 1157 upum
605 1079 742 1146 siccitate
766 1098 941 1164 compresso
964 1081 1175 1147 sinistrorsum
1197 1081 1281 1146 torto
1296 1076 1543 1160 ovato-elliptica
1559 1077 1591 1141 et
1605 1076 1714 1140 ovato·

477 1180 556 1260 orior,
574 1181 779 1266 microstoma‚
803 1182 884 1252 sicca
905 1185 1070 1269 angulosa,
1092 1186 1238 1264 resinosa,
1261 1186 1405 1250 bronnea.
1451 1182 1599 1266 Calyptra
1621 1179 1711 1264 longe

477 1282 580 1350 subolata
598 1285 660 1352 sola
683 1287 870 1353 summitate
893 1307 1011 1371 aspere.
1047 1288 1230 1372 Opercnlum
1252 1287 1404 1355 aciculare
1425 1282 1616 1370 longitudine
1638 1301 1712 1366 eap-

476 1383 534 1452 ulrc
551 1389 662 1472 ucqmle
683 1390 716 1455 et
739 1390 876 1476 longius,
900 1392 1018 1457 rectum
1042 1392 1092 1458 vel
1115 1391 1318 1475 obliquatam.
1352 1389 1502 1484 lupulus,
1525 1390 1560 1454 ut
1575 1387 1606 1452 in
1622 1405 1711 1470 prae-

476 1491 572 1570 orno,
592 1494 679 1561 latus.
726 1496 910 1562 Peristomii
931 1495 1037 1562 dentes
1060 1516 1078 1563 e
1099 1497 1278 1564 membrana
1301 1494 1428 1562 basilari
1450 1493 1549 1578 magis
1564 1491 1712 1574 producta

476 1591 616 1679 loop'ssimi
630 1598 803 1679 liliiormoe,
826 1600 945 1680 nodosi,
961 1601 1100 1668 saturata
1115 1601 1268 1686 purpurei,
1284 1601 1335 1666 vix
1350 1597 1573 1686 hygroscopici.
1605 1594 1710 1677 Bryel.

475 1713 516 1762 ru.
529 1697 646 1781 lolllL
668 1702 745 1770 Tab.
765 1703 842 1783 270,
865 1704 940 1768 271.
1668 1733 1669 1738 κ

475 1817 565 1902 byca
591 1822 773 1908 hypnoides‚
807 1825 936 1892 hirsutie
966 1844 1150 1908 canescens,
1181 1827 1310 1912 uulgam
1341 1827 1471 1892 Dmoau.
1504 1821 1590 1888 Hist.
1613 1820 1711 1887 Mose.

552 1925 617 1993 lab.
630 1927 682 2010 17,
705 1929 761 2015 fig.
780 1930 833 1996 27.

474 2025 566 2112 buum
584 2030 754 2118 byprroc'dca
779 2040 812 2114 β.
834 2033 927 2100 Luto.
950 2034 1002 2117 Sp.
1025 2035 1075 2100 ΡΙ.

475 2129 679 2202 luctatorum
700 2159 871 2206 commemo
892 2139 1003 2206 Hnow.
1026 2139 1122 2207 Meso.
1145 2140 1242 2207 bend.
1289 2139 1389 2207 Smne
1411 2138 1460 2205 ul.
1483 2136 1563 2204 Brit.
1608 2134 1711 2200 Wes-

537 2255 612 2310 ume.
632 2241 678 2307 l'l.
702 2241 790 2326 lapp.
835 2242 936 2310 Hoorr.
961 2244 994 2309 et
1015 2244 1109 2310 Turn.
1133 2244 1232 2312 Meso.
1255 2244 1335 2310 Brit.

474 2353 659 2427 locutorium
690 2385 860 2430 canescens
891 2365 981 2431 Bruo.
1004 2364 1109 2449 Bryel.
1133 2365 1215 2431 univ.
1261 2366 1310 2431 Dr
1331 2365 1450 2432 Nerea.
1474 2363 1551 2448 Syll.
1574 2365 1606 2429 et
1626 2361 1709 2445 Ilpil.

552 2463 600 2530 Bn.
623 2469 654 2533 et
682 2465 759 2535 Son.
782 2467 889 2551 Bryel.
912 2487 975 2536 our.
1018 2469 1145 2536 Hnunru
1168 2469 1282 2537 Skand.
1305 2469 1352 2535 Fl.
1396 2468 1495 2534 Wns.
1517 2469 1570 2534 Br.
1594 2467 1675 2532 Brit.

473 2559 595 2632 Germia
613 2571 881 2656 (Reseratis-ium)
903 2593 1067 2639 oaoceocrre
1090 2572 1124 2640 G.
1147 2572 1282 2640 Muenna
1305 2573 1434 2658 Synops.
1475 2567 1485 2586 ⁹

474 2679 524 2748 ln.
542 2695 567 2764 ll·
583 2694 762 2774 ρνοὶἰωιιιη,
793 2694 1010 2777 gracilescens,
1033 2695 1169 2773 elatum,
1191 2693 1319 2762 ramulis
1341 2693 1525 2760 lateralibus
1547 2691 1708 2771 subsellio,

554 2793 586 2858 ad
605 2799 777 2880 gemmulas
798 2797 883 2863 loliis
905 2799 1045 2865 obtectas
1072 2799 1205 2864 reductis
1227 2799 1277 2866 vel
1299 2799 1422 2865 omnino
1444 2796 1603 2876 abortivis,
1626 2795 1709 2862 foliis

550 2895 622 3068 lapella
656 2901 807 2967 uiridibus
843 2902 964 2984 apiculo
1000 2921 1077 2968 cano
1113 2903 1261 2971 breviore.
1306 2902 1412 2986 Bryel.
1450 2920 1515 2968 eur.
1553 2900 1622 2967 Vol.
1646 2901 1705 2979 111,

572 3003 704 3070 alil.

472 3107 522 3180 Vll·
539 3145 560 3202 γ.
580 3125 735 3193 ericoidce.
781 3125 885 3194 Gauiis
909 3129 1038 3195 ramulis
1060 3128 1241 3196 lateralibus
1263 3128 1405 3196 brevibus
1437 3127 1556 3195 obtusis
1588 3126 1708 3194 creber-

550 3223 627 3293 rimis
648 3229 811 3296 confertim
833 3231 975 3298 nodosus.
1020 3231 1108 3298 Folia
1130 3232 1270 3300 acumine
1291 3233 1442 3317 pellucido
1465 3231 1560 3298 brevi.
1601 3229 1706 3315 Bryel.

550 3345 604 3395 eor.
626 3333 693 3399 Vol.
718 3335 777 3412 111,
801 3335 877 3401 Tab.
901 3337 974 3402 271.

472 3437 562 3524 lryum
582 3449 755 3533 hypnoides,
779 3454 887 3521 llricae
910 3457 996 3536 facio,
1019 3457 1151 3540 capsulis
1173 3457 1324 3536 barbatis,
1340 3456 1485 3541 alpinum.
1516 3457 1605 3524 Duru.
1621 3456 1706 3521 Hist.

552 3549 638 3620 llusc.
662 3575 691 3639 p.
716 3557 790 3636 371,
813 3558 888 3625 Tab.
911 3558 962 3640 47,
986 3561 1007 3626 f.
1029 3560 1080 3627 31.

475 3657 564 3745 Billm
583 3671 752 3760 lyppoldo
774 3703 800 3762 γ.
823 3679 915 3744 Lmu.
938 3679 989 3764 Sp.
1013 3680 1062 3746 Pl.

476 3765 565 3854 Bryum
584 3783 729 3850 maudo
751 3785 861 3852 Drcrrs.
884 3787 972 3854 Fare.
995 3791 1094 3874 crypt.

477 3867 681 3950 Trirlooomem
702 3890 852 3956 cricoidce
875 3889 1010 3957 corono.
1033 3891 1119 3976 Spec.
1142 3894 1190 3960 al.
1213 3913 1277 3979 ger.
1323 3894 1506 3962 Seouerou.
1530 3894 1634 3980 Suppl.

475 3969 661 4054 laeuorsum
682 3995 832 4060 cricoidce
854 3995 944 4061 Brun.
967 3996 1074 4080 Bryel.
1096 3997 1180 4064 univ.
1212 3999 1260 4064 Du
1282 3999 1402 4065 Nerua.
1427 3999 1507 4082 llpil.
1531 4077 1532 4082 ἵ

535 4103 628 4176 Habui.
651 4115 689 4180 ad
710 4117 827 4184 terram
849 4117 882 4184 in
903 4119 1019 4203 campis
1041 4122 1074 4186 et
1095 4121 1248 4188 montosis
1269 4121 1406 4188 arenosis
1429 4121 1518 4190 siccis
1538 4141 1592 4205 per
1606 4123 1706 4189 totam

474 4195 608 4290 Europum
635 4227 741 4302 varo
774 4220 807 4286 in
837 4221 960 4289 ericelis
992 4225 1161 4302 umbrosis;
1192 4244 1298 4310 vary
1329 4226 1361 4291 in
1383 4225 1504 4292 ericctis
1527 4228 1593 4292 tam
1616 4224 1705 4291 siccis

473 4319 538 4424 lilii
563 4315 686 4388 humidis
714 4323 804 4410 inque
833 4327 1026 4411 rnpcstribus
1059 4329 1091 4394 et
1113 4329 1249 4397 arenosis
1272 4330 1406 4416 regionis
1428 4331 1593 4397 montanae
1615 4347 1705 4411 supe-

473 4421 537 4528 llibs
561 4437 646 4506 usque
674 4427 704 4494 in
736 4429 886 4514 alpinam,
915 4431 1102 4516 frequentius
1128 4453 1220 4517 qoam
1243 4461 1274 4502 a.
1318 4434 1433 4502 Planta
1454 4434 1576 4518 generis
1597 4433 1705 4515 vulga·

474 4510 564 4587 buum

539 4623 635 4698 rme.
657 4641 767 4705 motor.
789 4657 869 4707 rere.
