3290 5214
652 278 842 368 'asmona
1330 312 1395 370 uxr

208 497 236 567 §-
262 498 292 554 1.
339 495 491 570 Hedvigii
513 494 670 568 dispositio
692 495 857 554 methodica
880 494 1043 554 blascorum
1067 511 1282 569 europaeorum.

190 625 327 692 Maximi
349 625 382 690 in
406 624 611 710 Hednigiana
632 625 777 691 methodo
800 625 949 690 momenti
971 623 1185 708 peristomium
1208 623 1392 704 declaratur,

106 731 260 812 qnatenus
285 729 436 792 nimirum
459 727 539 792 illud
563 726 613 794 vel
635 727 755 791 nullum
777 727 844 804 est,
877 727 927 792 vel
949 729 1089 807 nudum,
1114 726 1163 792 vel
1184 727 1393 810 appendiculis

108 833 322 917 eilignratum.
369 831 451 896 Hinc
483 831 584 914 prima
606 831 784 896 Muscorum
814 831 926 896 divisio
949 831 1017 896 orta
1041 831 1097 894 est.
1143 830 1268 896 Alteras
1290 833 1393 914 partes

106 937 135 1000 in
158 955 193 1000 aa
216 933 374 1000 methodo
397 933 436 997 ad
458 953 572 1018 genera
595 932 809 999 constituenda
832 933 888 998 flos
903 933 1058 998 masculos
1075 932 1203 1010 obtinet,
1227 935 1319 1018 prout
1340 934 1394 1000 ille

108 1036 355 1122 gemmiformis,
391 1035 647 1118 capituliformis,
670 1035 883 1102 clavaelormis
906 1036 955 1101 vel
977 1035 1147 1102 discoideus
1170 1037 1338 1116 invenitur,
1362 1041 1393 1104 et

110 1142 206 1206 caulis
230 1140 355 1224 apicem
379 1141 434 1203 aut
456 1140 567 1218 latera,
592 1139 623 1203 in
646 1139 749 1204 eadem
771 1140 870 1222 stirpe
893 1138 1080 1224 conjunctim
1103 1141 1159 1204 aut
1181 1141 1307 1207 seorsim
1323 1162 1393 1207 cum

108 1245 221 1310 semina
245 1243 361 1309 autin
383 1243 532 1308 inuncta
549 1245 687 1326 occupat.
733 1242 961 1308 subdivisiones
992 1242 1090 1327 igitur
1116 1242 1249 1308 marium
1271 1243 1392 1310 consor·

109 1350 214 1426 matio,
237 1348 330 1414 locus
353 1347 386 1411 et
409 1347 489 1412 ratio
513 1346 552 1410 ad
574 1346 737 1412 femineam
759 1345 1005 1410 subministrant.
1037 1345 1082 1410 At
1104 1346 1264 1430 imprimo
1288 1346 1392 1414 Classe

110 1471 218 1536 nempe
240 1450 426 1536 peristomio
449 1449 546 1528 nullo,
570 1468 641 1515 cum
663 1448 791 1514 masculi
814 1448 904 1514 flores
928 1449 1053 1513 externa
1074 1448 1173 1514 forma
1188 1468 1297 1533 parum
1310 1451 1393 1516 inter

111 1575 141 1620 se
160 1555 353 1637 discrepent,
378 1552 605 1619 subdivisiones
628 1552 732 1618 locum
755 1571 816 1619 non
839 1551 980 1617 obtinent
1002 1570 1155 1634 unumque
1171 1554 1294 1618 tantum
1310 1555 1392 1619 mili·

111 1659 156 1722 tat
177 1676 290 1742 genus.
336 1657 373 1720 In
404 1657 543 1720 comodo
575 1674 647 1721 vero
677 1675 693 1720 a
724 1655 855 1720 marium
885 1653 1128 1720 consideratione
1159 1673 1273 1739 genera
1303 1657 1392 1740 plura

113 1759 270 1825 commode
302 1759 455 1825 oriuntur.
501 1760 540 1824 ln
569 1760 663 1823 tertio
690 1758 814 1822 mndem
845 1757 947 1840 ipsum
977 1757 1191 1840 peristomium
1219 1759 1285 1842 jam
1317 1758 1393 1824 duas

113 1864 293 1947 praecipuas
316 1863 542 1928 subdivisiones
564 1861 704 1946 praebet,
739 1863 832 1944 prout
861 1859 938 1925 illud
968 1862 1099 1944 simplex
1129 1864 1177 1928 est
1205 1881 1259 1928 sen
1281 1881 1393 1946 appen-

113 1965 286 2031 diculornm
310 1965 401 2031 unica
425 1965 505 2031 serie
529 1965 682 2040 cinctum,
716 1965 771 2028 aut
793 1964 996 2046 conpositum
1019 1983 1072 2028 seu
1094 1965 1152 2028 tali
1175 1965 1254 2030 seris
1276 1963 1393 2047 duplici

114 2069 315 2134 obvallatum.
362 2069 481 2134 Prioris
516 2067 731 2134 subdivisionis
754 2084 866 2151 genera
889 2083 958 2131 cum
981 2065 1153 2150 peristomii
1175 2066 1314 2132 dentium
1338 2086 1394 2131 nu-

113 2192 228 2250 merus,
252 2171 371 2248 forma,
395 2171 544 2248 directio,
569 2174 635 2235 tum
657 2170 790 2234 marium
811 2168 1013 2236 conformatio
1037 2171 1069 2234 et
1092 2169 1285 2236 florescentia
1307 2189 1395 2254 prae-

110 2277 188 2342 bent
236 2277 278 2340 In
295 2277 474 2360 posteriore
497 2276 612 2350 autem,
635 2276 756 2358 praeter
778 2275 971 2338 characteres
994 2292 1030 2338 er
1052 2272 1161 2338 iisdem
1183 2275 1324 2358 partibus
1341 2277 1395 2340 de·

113 2383 272 2464 sumptos,
308 2379 388 2445 alios
419 2397 479 2445 non
510 2378 639 2444 minoris
669 2377 817 2444 momenti
845 2375 1016 2459 peristomii
1047 2376 1161 2441 interni
1190 2377 1393 2445 consideratio

113 2484 304 2567 suppeditat,
328 2485 422 2566 prout
444 2480 524 2547 illud
547 2481 697 2558 ciliatum,
720 2481 775 2545 aut
790 2480 1064 2558 membranaceum,
1087 2479 1263 2546 membrana
1278 2482 1310 2546 in
1325 2502 1393 2566 pro

112 2605 211 2652 cemus
248 2585 421 2651 nnifonnes
449 2586 501 2650 vel
522 2584 680 2651 difformes
703 2583 868 2668 producta,
901 2585 955 2648 aut
977 2583 1103 2648 tandem
1125 2584 1323 2651 reticulatum
1346 2587 1393 2651 in·

113 2691 244 2754 venitnr.
292 2689 380 2753 Haec
403 2688 507 2753 omnia
530 2707 547 2752 e
569 2687 674 2752 tabula
696 2686 872 2772 synoptico,
895 2705 987 2769 quam
1009 2686 1059 2753 hic
1083 2687 1238 2764 sistimus,
1262 2689 1394 2755 clariora

113 2789 193 2857 fient
242 2790 318 2855 Vid.
344 2790 468 2856 Barcae
491 2789 592 2854 Musc.
614 2789 727 2856 recent.

300 2946 404 3012 Musei
427 2945 564 3030 capsulis
586 2946 729 3011 instructi
752 2945 935 3030 calyptratis
958 2947 990 3010 et
1013 2945 1207 3029 operculatis.

558 3065 583 3118 Ι.
619 3063 828 3120 Peristomio
846 3065 951 3120 nullo.

1133 3153 1300 3218 Pboecum.

553 3256 596 3310 Π.
621 3254 839 3312 Peristomio
856 3255 957 3312 nudo.

112 3342 247 3410 Mascula
271 3344 350 3409 flore
374 3344 501 3410 clavato
529 3391 1078 3409 ...........
1124 3344 1318 3428 spumeum.

176 3497 189 3522 ,
309 3497 323 3524 ,
372 3446 584 3531 gemmiformi
636 3496 1077 3514 .........
1124 3448 1300 3532 Hedwiqia.

176 3601 189 3629 ,
306 3601 320 3629 ,
370 3551 547 3616 disciformi
584 3597 1078 3616 ...........
1126 3552 1392 3636 Gymnostomum.

483 3686 543 3740 HI.
580 3687 798 3743 Peristomio
816 3689 1023 3759 essiyurato.

611 3795 633 3844 1.
653 3791 756 3846 ouem
773 3791 899 3861 simplici.

578 3895 608 3950 Δ.
645 3895 804 3951 Peristomio
822 3897 941 3952 daumio.

110 4017 135 4062 a
157 3999 307 4066 Dentibus
332 3999 473 4082 integris
497 4000 518 4062 4
584 4050 1079 4067 ..........
1129 4000 1305 4084 Tetraplis.

412 4150 427 4178 s
498 4103 518 4166 8
585 4153 1078 4170 ..........
1125 4103 1326 4188 Sploclunum.

562 4208 701 4292 angustis
732 4208 843 4274 erectis
875 4209 905 4272 fl.
935 4208 1080 4274 masculis

605 4311 868 4396 gemmiformibus
906 4361 914 4376 .
960 4361 969 4376 .
1015 4360 1022 4374 .
1068 4359 1076 4376 .
1121 4311 1311 4395 Eccolyptu.

413 4459 427 4486 ,
476 4413 515 4474 16
562 4414 735 4480 latiusoulis
758 4415 961 4490 rcfleuilibus3

606 4518 637 4583 fl.
660 4539 753 4586 masc.
777 4518 912 4604 gemmis.
965 4567 972 4582 .
1019 4566 1026 4582 .
1073 4568 1080 4581 .
1127 4517 1295 4580 Grimmio.

562 4620 684 4688 latiusc.
708 4623 772 4688 refl.
794 4621 824 4686 fl.
841 4640 934 4686 masc.
952 4619 1079 4704 capitul.
1125 4618 1327 4704 Splccdnum.
