3128 5254
551 317 721 389 uspiam.
1209 315 1272 383 775

101 497 199 562 liubit.
231 497 270 563 ad
292 495 459 562 rivulorum
490 493 670 579 frigidomm
701 511 775 559 sara
796 493 901 560 silioea
924 491 1058 578 regionis
1080 491 1200 578 alpinas
1222 510 1275 557 ra·

32 602 79 665 rios
98 599 286 683 subalpinae,
317 599 498 682 praeprimis
529 617 622 664 zonas
652 595 918 680 septentrionalis:
949 595 983 661 in
1012 615 1054 663 m.
1077 595 1275 680 Doarafjeld,

32 705 163 787 praeeipue
184 704 222 770 ui
243 705 417 770 Kraudsbbe
438 722 530 787 prope
552 703 746 788 Koopsoold,
768 701 820 767 ubi
842 701 908 785 ipss
930 701 1002 786 legi,
1025 719 1118 784 propa
1140 701 1276 768 Modum

32 807 176 892 Norsegiao
198 806 405 874 meridionalis
427 807 568 890 (Burro),
590 805 630 872 ad
653 807 837 892 Korspatuso
860 823 953 888 propa
977 805 1167 889 ibondbjom
1189 805 1222 870 et
1242 802 1275 868 in

32 911 178 976 bonlandia
208 911 426 1004 (Arosapen),
455 910 489 975 in
518 930 561 974 m.
594 909 755 976 Solimlma
778 908 967 996 (bonanus),
1000 907 1033 974 in
1059 908 1140 975 sallo
1160 907 1275 974 Basaro

32 1015 209 1082 Nordlnndiae
231 1017 306 1098 (Ax.
330 1015 458 1098 Berua),
480 1013 512 1080 in
535 1013 692 1098 Lapponia
715 1013 753 1079 ml
775 1012 962 1096 Euootobis,
985 1013 1138 1095 Maenio,
1161 1011 1276 1078 Kero-

32 1127 120 1184 oomto
134 1121 164 1184 et
178 1120 210 1184 iu
226 1118 354 1185 Karalis
375 1119 519 1203 onegensi
541 1118 721 1203 (Noenum),
744 1117 783 1183 ab
798 1117 957 1203 Nordbsp
980 1118 1069 1202 (Res.
1092 1116 1275 1202 Dmnnom),

34 1223 253 1304 oDaleoarlia,
287 1222 449 1310 Heleingis
481 1224 513 1289 et
535 1223 577 1290 al.
600 1221 640 1300 1.;
670 1222 703 1286 in
731 1221 791 1286 Vol
814 1223 850 1288 ἀι·
871 1222 1000 1288 Gerrooo
1020 1221 1125 1306 Tyrel.
1157 1220 1277 1302 morib,

32 1329 68 1392 m.
88 1327 176 1393 7500‘
198 1328 378 1414 Marmar),
401 1347 462 1394 uns
482 1346 553 1395 oum
579 1327 622 1395 Η.
647 1326 733 1392 molli
754 1345 819 1392 var.
843 1325 1098 1412 Sobimpors'ono,
1127 1324 1161 1391 in
1182 1325 1276 1410 Alpp.

32 1431 200 1497 armtbiaois
223 1432 389 1518 (Lausus).
434 1431 485 1498 Ad
505 1430 588 1497 diem
610 1429 744 1497 nonium
765 1428 798 1496 in
820 1429 984 1498 Britannia
1005 1431 1210 1498 observatum.

94 1559 194 1618 Differt
217 1561 256 1619 ab
278 1557 317 1619 H.
334 1560 415 1618 orodi
436 1558 524 1618 ramis
547 1545 729 1618 Brevioribus
750 1557 944 1630 solidioribus,
967 1557 1045 1618 loliis
1067 1559 1156 1619 dense
1178 1559 1278 1620 imbri·

32 1645 90 1716 atis,
111 1645 299 1724 longioribus,
322 1645 552 1721 angustioribus,
575 1645 659 1704 uelde
683 1645 825 1716 oonoaris,
848 1644 1004 1720 angustius
1020 1645 1181 1722 oblongius
1196 1662 1279 1707 areo·

32 1733 89 1802 atis,
117 1733 256 1794 auriculis
287 1732 461 1794 basilaribus
484 1732 648 1804 distinctis,
681 1731 839 1804 aurantiis,
872 1731 1050 1806 periebastio
1073 1732 1168 1792 minus
1189 1733 1278 1807 molli,

32 1819 94 1879 leuse
115 1821 278 1892 imbricato,
301 1819 409 1880 efoliis
433 1820 552 1892 strictis,
574 1818 706 1892 sulcatis,
729 1818 811 1894 apice
834 1819 913 1880 haud
936 1819 1088 1880 bortulutii
1110 1821 1279 1896 eomposito.

454 2029 504 2087 58.
534 2028 705 2098 Hypnuru
726 2027 841 2085 molle.

478 2151 578 2211 Draus.
601 2151 701 2228 Orypt.
723 2149 805 2210 Fuso.

92 2296 249 2381 Casspibss
271 2299 345 2378 laxi,
366 2298 517 2380 dilabiles,
539 2298 726 2380 mollissimi,
748 2297 987 2368 lurido-virides.
1032 2296 1142 2368 crues
1162 2298 1280 2377 tenues,

32 2397 147 2478 leruosi,
171 2401 373 2483 eradieulosi,
395 2403 462 2470 basi
484 2403 648 2484 denudati,
669 2422 760 2488 paros
781 2402 873 2470 diuisi
896 2404 928 2470 et
951 2402 1124 2486 simplices,
1157 2401 1280 2470 sentim.

32 2503 111 2568 1-10
132 2505 229 2590 longi.
273 2506 360 2574 Folio
381 2527 491 2592 parum
506 2509 652 2588 conferta,
674 2508 755 2574 siooa
776 2508 817 2586 et¹
831 2507 958 2575 humida
979 2506 1109 2591 undique
1129 2506 1280 2592 paunus,

32 2605 71 2670 llis
90 2609 301 2692 praecedentis
316 2610 465 2696 longiora,
488 2611 744 2695 ellipbieoovalia
757 2611 798 2678 ad
812 2611 1012 2680 insertionem
1027 2611 1195 2691 coarctata,
1210 2629 1280 2678 seu·

32 2711 66 2776 im
87 2715 207 2800 longius
232 2718 321 2782 anuto
343 2716 392 2782 vel
414 2717 529 2784 mutioe
543 2717 727 2796 acuminata,
749 2717 835 2800 apios
849 2717 994 2783 distinete
1009 2717 1138 2796 serrata,
1159 2714 1282 2783 mollis·

32 2816 101 2896 ima,
122 2838 234 2902 parum
255 2820 370 2900 nitida,
399 2823 487 2888 rosta
509 2821 625 2888 bifurca
648 2821 697 2887 vel
719 2821 937 2906 pluripartibe,
971 2840 1058 2888 orsus
1079 2803 1281 2904 longiore'ad

32 2922 137 2988 esbum
159 2923 323 3002 eontinn03
354 2924 430 2991 retis
462 2925 610 2992 tenuioris
642 2923 761 2992 areolae
784 2924 956 3005 breviores,
985 2922 1280 2991 lineari-iusiiormi-

32 3043 194 3112 aragones,
218 3029 259 3094 ad
278 3029 394 3112 apicem
418 3029 631 3109 abbreviatae,
653 3029 693 3096 ad
714 3028 844 3114 angulos
866 3028 1014 3096 basileros
1037 3025 1280 3094 subaurionlarss

32 3131 178 3212 armatas,
201 3133 371 3216 parietibus
386 3133 546 3200 amentiis.
576 3133 684 3200 Floras
706 3132 836 3200 maseuli
860 3135 911 3199 sat
932 3131 1057 3216 eopiosi,
1077 3130 1281 3197 orassiusouls

34 3235 105 3312 sati,
127 3237 212 3304 loliis
236 3237 406 3304 imbricatis
427 3235 549 3312 suebis,
580 3237 714 3316 obtusis,
746 3237 885 3322 margine
908 3233 1279 3315 subsinuoso-orenulntis,

32 3341 228 3425 arapbpsibus
245 3341 423 3409 numerosis.
453 3339 651 3426 Porigpnium
666 3341 759 3424 paulo
774 3340 906 3425 lougius,
928 3339 1011 3406 loliis
1026 3357 1042 3406 e
1057 3337 1156 3405 medis
1171 3355 1279 3421 squar·

32 3445 115 3510 usulis
151 3447 301 3527 serratis,
338 3446 527 3532 ersbsgoniis
558 3445 667 3512 8-10
698 3463 787 3528 parea
824 3443 1049 3529 paraphrastis.
1092 3440 1281 3510 Periobastii

32 3547 80 3614 olia
100 3551 254 3618 exteriora
276 3571 292 3618 o
314 3551 414 3618 medio
436 3551 558 3634 patula,
593 3551 714 3617 interna
736 3551 837 3616 srsota
858 3549 927 3616 lare
947 3546 1147 3632 saginastis,
1168 3545 1280 3612 letius-

32 3651 74 3718 ula
87 3653 243 3740 elongata,
265 3655 378 3720 sensim
394 3653 580 3733 acuminata,
601 3653 686 3739 apios
706 3653 866 3732 serrulata,
887 3651 1079 3732 tenuissima,
1100 3648 1280 3716 tenumsime

32 3755 180 3837 stipulata,
210 3759 292 3826 baud
324 3759 443 3825 sulcata
465 3761 497 3824 et
520 3759 668 3825 apostata.
713 3756 846 3840 Capsula
867 3757 900 3821 in
922 3756 1069 3839 pedioello
1090 3754 1176 3822 brevi
1197 3773 1279 3823 eras·

32 3857 134 3928 bassulo
151 3863 264 3930 leniter
278 3864 544 3942 incurso-semus,
559 3861 683 3947 turgide
699 3861 806 3942 omlis,
827 3859 968 3942 opereulo
984 3859 1047 3926 alte
1062 3877 1202 3940 convexo,
1225 3877 1280 3942 pa·

32 3961 82 4028 »illa
103 3965 187 4032 brevi
212 3966 389 4042 terminato,
412 3966 525 4032 annulo
548 3965 710 4032 latissimo.
740 3963 961 4034 Peristomium
982 3966 1014 4030 et
1036 3981 1142 4047 sperae
1166 3961 1280 4050 Hypsoi
1314 3989 1319 4004 ·

32 4065 161 4150 apsaro.

32 4201 113 4285 tare
133 4207 418 4294 Sobimprra'ooom.
462 4205 627 4285 Graoilius,
650 4205 798 4291 caespites
819 4205 929 4272 densos
951 4205 1160 4290 turgescentes
1189 4204 1280 4272 ellor-

113 4329 212 4390 mans,
236 4309 319 4376 loliis
342 4310 436 4377 tertia
450 4311 514 4378 iere
536 4312 625 4394 parte
647 4310 825 4390 minoribus,
848 4308 969 4376 brevius
991 4307 1183 4390 acuminatis,
1205 4325 1279 4376 sou·

116 4419 199 4486 mine
222 4420 344 4498 obtuso,
366 4420 407 4486 sd
428 4421 559 4504 summos
581 4421 683 4487 minus
704 4419 848 4488 distinete
870 4419 1034 4486 excavatis.

32 4519 159 4606 typorum
183 4524 458 4609 &biroporiamsm
480 4524 623 4591 Loasmrz
644 4523 813 4592 Memmi.
836 4543 865 4608 p.
890 4520 963 4602 12³,
985 4522 1050 4591 aab.
1073 4519 1112 4588 V.

96 4644 203 4710 Habit.
227 4645 259 4710 in
280 4645 363 4712 saxis
386 4645 557 4712 rivulorum
578 4645 765 4730 alpinorum:
797 4645 830 4710 iu
852 4641 982 4728 Alpibus
1004 4641 1144 4724 sootiois,
1173 4659 1209 4709 ex
1231 4660 1278 4728 gr.
