3182 5252
578 269 775 342 spangam,
1245 273 1308 340 823

27 443 292 527 (humansrum),
316 445 355 512 ad
369 445 437 512 Luc
456 466 555 512 cauo
574 445 643 530 jngi
666 445 847 512 Mootblano
869 446 1017 530 (Paror);
1038 447 1070 512 in
1085 446 1197 522 Sectis,
1223 467 1310 531 prae·

27 549 114 631 cipue
150 550 195 615 ad
229 571 270 616 m.
296 551 362 616 Bou
385 550 480 616 Nouio
510 552 542 616 et
573 551 781 632 copiosissime
811 551 848 616 ad
876 551 1137 619 Bouillae-Diui
1157 553 1309 637 (Wnsou,

27 651 61 718 G.
78 653 218 736 Hunu);
240 654 350 736 ubique
372 654 490 720 huotua
513 654 643 721 rariores
665 654 791 737 profert.

114 755 234 823 Fruct.
257 766 373 823 matur.
397 760 524 826 costato.

112 887 239 960 Species
262 887 490 960 distinctissime,
514 887 550 946 ob
573 888 736 962 calyptram
751 886 906 957 minimam,
928 885 1062 947 loliorum
1078 886 1310 950 reticulationem

27 971 195 1046 laxiorem,
225 975 363 1050 paginam
385 976 537 1049 utramque
561 976 683 1034 maxime
714 974 900 1050 papilloaam,
930 974 1138 1048 perichaotium
1169 979 1311 1050 apertum,

27 1061 185 1133 capsulam
218 1063 334 1137 saepius
366 1062 446 1121 rimis
479 1064 497 1121 6
529 1064 567 1121 ad
596 1062 724 1122 infimam
746 1062 832 1122 basin
853 1061 1048 1121 dehiscentem
1071 1063 1242 1138 subgeneris
1263 1065 1309 1124 rel

27 1149 147 1222 generis
173 1149 286 1224 proprii
308 1149 431 1210 forsitan
447 1151 546 1226 typus.

553 1371 678 1471 ordo
709 1373 796 1470 111.

514 1541 841 1659 Stegooarpae.

591 1751 767 1836 Tribus·

472 1891 883 1994 lphagnaooao.

121 2067 257 2135 Plantae
279 2067 433 2135 muscinao
456 2069 672 2146 cauleseentes,
695 2067 855 2150 plurifario
876 2067 1012 2146 foliosae,
1035 2087 1128 2153 grege
1150 2068 1242 2134 dense
1262 2069 1315 2136 do-

33 2171 156 2252 gentes,
182 2172 248 2238 sola
269 2173 369 2256 prima
391 2173 493 2238 aetate
516 2171 659 2237 radiculis
682 2171 856 2236 tenerrimis
879 2171 1001 2255 pallidis
1024 2172 1203 2240 instructae.
1235 2171 1314 2238 Cau-

34 2271 72 2336 lis
95 2294 132 2339 er
157 2295 248 2360 opere
270 2277 416 2344 celluloso
439 2275 552 2358 triplici
576 2275 769 2355 efformatus,
801 2295 837 2341 er
868 2277 991 2341 externo
1023 2276 1138 2342 laxiore
1170 2276 1315 2342 corticem

34 2379 217 2456 mentiente,
240 2400 256 2446 e
279 2381 378 2446 medio
400 2381 520 2465 lignoso
543 2381 575 2445 et
596 2398 631 2444 er
653 2380 773 2445 interno
795 2381 845 2445 vel
867 2380 942 2445 arili
963 2381 1235 2464 parenohymotoso
1251 2399 1315 2446 me·

36 2479 139 2549 duliae
172 2485 275 2551 locum
307 2487 441 2551 tenente.
485 2485 572 2550 notia
605 2503 621 2549 e
654 2485 752 2550 strato
783 2483 916 2567 simplici
938 2485 1116 2551 cellularum
1139 2484 1316 2550 hilormium

36 2590 226 2670 composita,
264 2609 393 2673 quarum
430 2589 564 2655 minores
593 2572 794 2672 'angustiores
831 2589 1070 2655 utriculiformes
1108 2589 1316 2673 protoplasma

37 2691 319 2778 ohlorophyllosum
342 2693 486 2760 vehentes
509 2693 756 2760 extremitatibus
779 2694 861 2760 inter
883 2713 916 2759 se
931 2694 1104 2772 cohaerent,
1127 2693 1315 2777 majoresque

37 2813 149 2863 vacuas
173 2799 316 2884 hyaliuas
347 2799 524 2882 plerumque
552 2797 675 2863 librillis
698 2798 896 2864 annularibus
920 2799 970 2864 rel
992 2799 1156 2882 spiralibus
1180 2801 1211 2863 et
1232 2798 1315 2881 poris

37 2895 208 2968 instructas
230 2902 277 2968 ita
299 2902 555 2987 circumcingunt,
578 2903 613 2966 ut
636 2903 701 2967 rete
723 2900 901 2968 continuum
923 2903 1093 2968 efforment.
1137 2903 1243 2968 Flores
1266 2904 1314 2968 la-

37 3003 170 3084 terales3
194 3007 324 3074 masculi
346 3008 526 3084 amentacei,
549 3006 669 3071 feminei
692 3007 869 3090 gemmaoei.
908 3007 1037 3073 Fructus
1059 3006 1182 3089 capsula
1205 3006 1236 3070 in
1260 3027 1314 3074 va-

39 3107 141 3188 ginula
164 3111 374 3178 subdiacoidea
397 3111 598 3194 pseudopodio
621 3110 743 3176 demum
766 3111 847 3176 elata
869 3111 996 3189 sessilis,
1019 3111 1194 3194 imperfecte
1209 3112 1314 3195 calyp-

39 3212 137 3293 trata,
175 3216 320 3300 globosa,
358 3215 442 3298 apice
479 3215 619 3298 operculo
648 3215 878 3281 horizontaliter
907 3214 1117 3281 circumscisso
1145 3215 1312 3281 dehiscens.

41 3311 149 3396 Sporae
172 3319 204 3383 iu
227 3319 389 3403 sporangio
412 3318 800 3401 concavo-hemisphaerioo
822 3319 1002 3384 columellae
1017 3339 1137 3386 crassae
1152 3319 1313 3385 abbrevia·
1365 3303 1367 3312 ’

42 3419 87 3485 tae
107 3424 258 3491 insidente
274 3425 454 3490 tetraddrae.
485 3425 692 3490 Prothallium
707 3424 1072 3502 nodoso-filamentosum,
1087 3425 1209 3490 tandem
1226 3423 1312 3490 loha-

43 3523 104 3590 tum
128 3530 161 3595 et
183 3530 376 3613 hepatioeum
398 3531 429 3595 et
453 3547 469 3594 e
492 3529 614 3612 singulo
637 3529 817 3595 cellularum
840 3529 939 3594 strato
961 3528 1163 3594 efformatum.

125 3635 278 3720 Sptoqao
293 3653 356 3714 seu,
373 3633 400 3699 si
414 3635 524 3742 mavis,
540 3633 674 3698 Plantae
689 3633 884 3718 aphopuiooe
900 3631 1038 3699 Classem
1053 3634 1207 3715 propriam
1222 3631 1312 3698 effor-

44 3739 124 3802 mant
146 3739 185 3805 ab
207 3739 263 3804 illa
285 3738 470 3803 Moscoram
492 3756 546 3802 seu
561 3736 751 3802 Plootororn
775 3737 963 3822 tryr'oorom
985 3736 1062 3802 satis
1085 3753 1233 3822 superque
1247 3735 1312 3802 dis-

45 3837 176 3922 tinctam,
198 3843 237 3910 ad
258 3841 341 3908 diem
364 3861 379 3907 e
401 3860 509 3926 genere
530 3841 619 3907 unico
642 3842 865 3924 compositam,
887 3841 974 3924 quus
997 3840 1109 3923 species
1132 3858 1186 3924 per
1208 3839 1310 3905 totum

46 3943 141 4012 orbem
169 3949 322 4012 terrarum
354 3946 421 4012 loca
455 3964 569 4028 aquosa
600 3947 772 4027 temperata
795 3947 830 4010 ut
853 3944 1011 4030 frigidiora
1032 3945 1063 4010 et
1085 3962 1158 4028 prae
1180 3943 1309 4010 motoris

48 4043 157 4116 turiosa
178 4049 327 4117 incolunt.

522 4224 600 4301 (len.
627 4222 829 4322 Sphagnum.

506 4371 626 4428 Drouun.
648 4369 725 4428 Hist.
749 4370 840 4428 Musa.

126 4503 227 4570 Caulis
250 4502 413 4586 primarius
435 4503 552 4569 erectus
574 4522 611 4568 er
625 4501 709 4584 apice
724 4503 885 4568 continuus
900 4521 1043 4584 secusque
1058 4502 1173 4585 apicem
1189 4521 1307 4568 annua·

51 4597 100 4668 tim
120 4608 237 4696 singula
268 4608 465 4674 innovatione
495 4607 662 4690 repetitus,
694 4607 771 4672 unda
794 4607 895 4673 aetate
917 4606 1097 4688 simpliciter
1118 4607 1168 4672 vel
1190 4607 1304 4691 pluries
