3208 5214
587 248 757 306 Wciaiaoeae.
1271 247 1313 316 43

68 419 150 487 rarius
169 423 338 502 montanae,
362 422 540 506 praeprimis
563 425 660 491 ment.
675 424 800 492 lormat.
816 423 986 508 graniticae
1001 427 1034 491 et
1055 425 1238 505 schistosas,
1261 445 1313 508 per

69 525 150 590 totam
171 525 319 610 Europam
342 547 362 592 a
383 527 538 610 Iappcnia
560 547 652 612 imque
679 528 710 594 in
734 527 916 610 Hispaniam
947 527 1176 596 meridionalem
1208 529 1259 594 ubi
1282 527 1312 622 'pr

70 647 168 697 marma
194 630 450 697 Serra-al'ecadc
479 631 511 697 in
543 633 711 698 Berrcrcce
742 631 852 698 nivoso
881 634 926 698 St.
950 633 1041 698 Jecn
1070 635 1110 700 ad
1139 655 1181 700 rn.
1212 634 1313 698 Veleia

72 731 127 814 legi
158 733 261 813 vaip
282 734 315 800 in
338 735 420 802 valle
443 735 634 801 diocesaraea
656 735 771 822 Vogesi
793 754 904 819 super,
928 736 959 802 in
982 737 1115 804 conrall.
1139 738 1313 822 Pyrenaeo·

75 855 126 900 run
143 856 223 920 prope
246 839 409 922 Brmairea
431 841 470 904 da
492 841 639 926 Bigorra,
662 838 695 905 in
721 838 861 918 Sueciae,
892 839 1064 923 Norregise
1094 842 1250 908 montanis
1281 841 1313 906 ot

75 937 160 1019 dpinia
180 943 234 1006 etc.
256 943 461 1026 pmcnorrime
482 943 596 1027 reperi,
624 963 689 1011 var.
712 970 730 1024 r
751 943 784 1009 in
814 943 896 1010 ralis
919 943 1033 1010 Haesit
1054 943 1155 1024 Helu,
1177 945 1209 1011 in
1233 945 1314 1030 Alpe

79 1041 228 1129 Domcsjutd
241 1046 379 1134 Norreg.
403 1047 436 1112 in
454 1049 684 1134 Oemaedetcrg
699 1047 893 1114 Dalecarliae
908 1049 978 1125 etc,
1002 1067 1065 1115 rar.
1081 1054 1101 1115 d
1120 1048 1153 1116 in
1167 1050 1314 1118 Helvetia

78 1145 291 1217 madrariam
317 1152 506 1234 Giesataclr,
535 1151 567 1216 in
605 1152 768 1217 Via-mete
798 1151 839 1218 ad
863 1152 1014 1237 spzeyen,
1045 1152 1077 1217 in
1104 1152 1313 1239 Saliaburgiae

79 1249 143 1316 lain
161 1255 304 1321 Grossorl
333 1257 368 1323 st
396 1274 490 1339 propa
513 1257 642 1322 Gestein
664 1257 724 1322 etc.
753 1255 820 1339 ipae
848 1255 910 1340 legi
939 1257 970 1320 et
999 1256 1038 1322 at
1067 1255 1176 1324 amicis
1199 1258 1311 1326 lectum

79 1353 157 1434 irim,
174 1357 302 1428 arama
324 1360 429 1437 amat;
452 1379 545 1428 uar.r
567 1360 599 1426 in
613 1379 686 1446 rupe
700 1357 835 1428 irrorata
856 1360 1006 1443 tephacea
1028 1380 1120 1446 prope
1142 1362 1311 1430 Morercur

81 1458 108 1521 ad
124 1460 267 1529 lamauurn
289 1463 444 1547 provenit.

141 1582 232 1651 Fract.
253 1594 371 1652 metor.
396 1585 436 1653 ad
460 1585 551 1652 tinem
573 1585 714 1653 aestatis.

141 1711 240 1784 Species
254 1714 458 1790 polymorpha,
482 1714 580 1774 iormis
603 1715 762 1776 minoribus
785 1715 823 1774 ad
838 1715 1069 1789 praecedentem,
1092 1717 1250 1792 majeribus
1273 1720 1310 1778 ad

78 1799 208 1868 aaronem
232 1802 390 1872 accadens3
420 1802 460 1860 ab
490 1801 541 1860 illa
568 1800 646 1862 foliis
668 1801 823 1862 latioribus
846 1801 927 1876 apice
951 1802 1039 1862 dense
1062 1803 1214 1877 papillesis
1237 1822 1314 1864 mar·

78 1881 128 1954 gine
149 1887 251 1960 papillis
280 1887 393 1949 binatis
425 1887 552 1963 hyalirris
580 1888 751 1960 monetatis,
781 1890 913 1948 saturato
944 1889 986 1947 rel
1018 1889 1312 1964 climaco-viridibus,

78 1969 169 2042 capula
187 1975 295 2050 majori,
317 1974 451 2050 operculi
473 1977 567 2034 rostro
597 1975 742 2046 breuiore,
772 1975 955 2047 distinctum,
978 1976 1017 2034 ab
1039 1975 1093 2035 irae
1117 1977 1194 2038 foliis
1217 1979 1312 2038 minus

78 2055 153 2128 dgidis
165 2061 303 2135 papillosis
318 2061 456 2120 siccitate
471 2060 606 2133 incurris,
622 2062 742 2137 capsula
757 2061 836 2121 molli
851 2061 946 2121 larius
963 2063 1055 2135 terta,
1079 2081 1171 2124 uacua
1194 2066 1313 2139 pallida,

76 2143 179 2214 operculo
200 2143 387 2209 brerirostro‘
406 2147 575 2208 columellae
610 2149 689 2208 haud
719 2149 910 2221 adhaerente,
943 2167 992 2209 οπο
1024 2167 1172 2225 nunqnam
1202 2153 1311 2213 hiante.

76 2227 157 2289 Planta
174 2236 292 2295 mascula
313 2234 468 2315 gracilior,
498 2235 574 2294 loliis
607 2235 767 2296 conalibus
795 2235 985 2308 brevioribus,
1014 2237 1244 2313 perigenialibus
1267 2241 1312 2300 lu·
1347 2280 1350 2288 ·

75 2319 241 2381 sementina

139 2405 166 2464 lu
186 2425 241 2470 rar.
261 2409 291 2482 β.
313 2409 467 2484 capsulam
489 2427 577 2484 saepe
600 2411 700 2470 exacte
722 2409 765 2469 illi
782 2407 819 2469 G.
833 2411 929 2470 terreis
951 2409 1073 2470 similem
1096 2411 1204 2482 inveni,
1228 2430 1312 2487 prae·

74 2487 151 2558 prinis
179 2495 204 2553 in
232 2495 322 2556 forma
356 2513 445 2570 quam
477 2513 566 2572 prope
595 2495 759 2558 latescere
790 2497 1006 2570 Pyrenaecrum
1030 2499 1203 2558 centralium
1228 2502 1257 2560 et
1280 2501 1311 2562 in

74 2573 131 2634 ualle
149 2580 315 2642 Musaeum
337 2583 449 2657 Vogesi
471 2582 539 2659 legi.

140 2665 168 2724 In
189 2687 243 2728 rar.
258 2689 282 2746 γ.
306 2669 479 2745 operculum
501 2688 589 2744 saepe
603 2669 812 2744 longiroetrunr
835 2671 1022 2746 conspicitur,
1045 2674 1095 2732 sed
1119 2673 1259 2748 pallidum
1282 2676 1312 2733 et

75 2747 137 2809 nolle
155 2755 183 2812 ut
203 2755 282 2816 lacile
305 2758 345 2817 ab
371 2756 422 2816 illo
444 2757 593 2832 sequentis
615 2755 723 2832 speciei
745 2757 955 2832 distinguatur.

139 2839 194 2900 iar.
208 2842 233 2902 d.
255 2844 350 2919 primo
376 2843 485 2903 intuitu
508 2844 601 2904 forma
623 2842 718 2917 major
739 2844 885 2905 robustior
904 2843 937 2904 0.
953 2847 1080 2906 ceiecrci
1101 2863 1164 2906 esso
1187 2847 1311 2919 ridetur,

74 2925 193 3000 caespituli
218 2933 314 2991 tamen
345 2929 488 3001 laxiores,
521 2929 591 2990 lolia
619 2929 727 2990 latiora
755 2930 862 2990 sensim
892 2950 910 2991 a
939 2931 1030 2992 caulis
1053 2933 1116 2993 basi
1139 2935 1177 2993 ad
1200 2935 1312 3008 apicem

75 3011 164 3084 uajua.
182 3019 297 3092 capsula
319 3018 419 3094 quoad
441 3017 562 3076 formam
585 3016 707 3077 maxime
731 3016 883 3077 variabilis
905 3018 983 3078 haud
999 3036 1065 3078 raro
1081 3021 1267 3096 subglobosa.

136 3099 193 3160 lar.
213 3122 235 3164 e.
257 3104 354 3166 torma
382 3103 466 3163 raldo
488 3103 638 3175 distincta,
670 3103 822 3179 rigiditate
845 3120 899 3162 sna
922 3105 999 3164 loliis
1022 3106 1203 3167 brevioribus
1224 3107 1311 3167 latio·

74 3181 132 3244 titre
149 3190 226 3262 paulo
246 3192 344 3252 larius
368 3191 467 3262 tertia,
489 3191 609 3265 capsula
630 3191 765 3251 solidiore
782 3190 871 3250 badia
885 3207 933 3251 ore
948 3191 1123 3254 nitidissimo
1138 3195 1312 3270 nigricante,

73 3275 174 3340 opercme
194 3297 256 3339 curn
276 3278 432 3340 columella
454 3278 627 3338 cohaerente
644 3282 673 3337 et
689 3277 894 3350 subuliroatro;
916 3297 994 3340 ame
1010 3279 1077 3340 olim
1093 3298 1146 3355 pro
1169 3281 1311 3342 varietate

75 3353 99 3412 G.
116 3365 283 3428 aremare
305 3365 426 3426 habita!

135 3448 232 3512 Nullae
261 3457 411 3514 caeterum
442 3451 550 3512 formae
581 3455 611 3512 et
640 3452 819 3512 variationes
842 3453 958 3512 exstent
981 3456 1130 3528 quaeant
1153 3455 1312 3514 uarietates

73 3525 177 3596 irrata
197 3539 271 3601 inter
294 3559 325 3600 ee
351 3538 534 3615 conjungunt
550 3542 602 3598 aut
617 3539 808 3599 transitiones
830 3540 868 3599 ad
884 3539 1004 3599 formam
1020 3541 1176 3602 normalem
1193 3542 1312 3602 sistunt.

354 3733 384 3790 8.
421 3732 709 3799 Gymnosternum
732 3731 994 3791 earrlrestrurra

401 3855 502 3916 Pettia
524 3855 820 3930 curvirostraiinsm
844 3858 938 3930 crypt.

134 3961 279 4050 Caespilea
302 3971 510 4036 tumescentes
532 3971 669 4036 saturato
698 3971 747 4036 rel
776 3968 989 4036 lusco-virides
1021 3968 1105 4035 intus
1137 3969 1311 4054 ferruginei,

74 4061 155 4130 nolles
175 4071 219 4136 rel
241 4073 421 4140 condensati
444 4075 476 4139 st
492 4073 582 4140 firmi.
620 4073 754 4141 Plantae
782 4073 887 4150 'fa—4
900 4073 1006 4140 uncias
1029 4073 1112 4139 altas
1135 4072 1311 4138 ramosissi-

70 4179 127 4244 Μ,
147 4171 329 4259 nsdgiataa,
352 4176 496 4262 graciles,
519 4178 655 4262 fragiles,
678 4177 821 4245 radiculis
844 4177 919 4242 rutis
934 4179 1003 4260 plus
1019 4176 1157 4242 minusve
1174 4177 1310 4242 obrutae.

71 4261 134 4336 tolia
153 4280 411 4362 erecte-patentia,
435 4283 517 4347 sicca
538 4281 618 4348 haud
641 4281 689 4347 rel
712 4281 813 4348 minus
835 4281 970 4359 incurva,
994 4280 1181 4359 lanceolata,
1210 4281 1311 4358 acuta,

70 4365 120 4436 tasi
144 4396 268 4449 macera
294 4385 420 4469 hyalina
447 4385 556 4452 dehinc
577 4385 716 4452 carinata
739 4385 879 4452 siccitate
899 4385 1102 4468 complicata,
1134 4383 1233 4451 laevia
1264 4385 1312 4451 rel

68 4473 161 4544 mnam
180 4483 337 4568 papillosa,
360 4507 454 4572 supra
477 4489 565 4556 basin
588 4489 727 4574 margine
754 4490 834 4557 haud
860 4508 930 4555 raro
962 4489 1154 4566 subaerrata,
1183 4488 1312 4555 cellulae

67 4584 212 4662 ilperiores
234 4591 501 4678 chlorophyllosae
522 4593 690 4677 quadratae
711 4597 743 4662 et
758 4593 881 4676 orales,
912 4591 1051 4686 margine
1067 4609 1203 4680 recurvo,
1225 4593 1313 4670 costa

1359 4445 1395 4500 θ
